4025 5284
547 89 1388 202 notutsmuuartuv.
1639 131 1717 217 tut

174 204 304 271 incheme
325 225 427 271 nouam
445 205 559 277 vitam,
581 201 637 278 nist
647 207 893 287 poeuiteutveteris
911 210 957 271 vi·
998 228 1052 270 ne.
1074 208 1160 273 Unde
1182 210 1289 305 aquius
1306 210 1432 275 dubitari
1453 218 1563 297 potell,
1585 240 1621 281 an
1644 218 1772 302 impendi

174 305 234 352 te.
256 291 326 356 Alia
345 287 570 369 elipetcatorum
592 287 710 363 cmfiffio
729 289 862 361 exterior,
895 311 956 369 que
997 285 1084 372 possut
1105 287 1248 354 absolutro
1268 294 1424 376 poenitenti
1444 294 1525 357 nulla
1554 298 1631 379 srgna
1661 302 1771 368 doloris

168 366 390 444 §tacendum
414 366 452 431 Φ
473 367 541 431 talis
562 367 953 450 conseffionmtequirituran-
994 368 1172 454 ostendenti,
1194 372 1384 453 quantumuis
1404 375 1480 438 tellis
1499 373 1625 441 affirmet
1646 378 1698 441 illa
1711 398 1768 444 tra-

86 452 97 462 '
175 472 204 512 te
225 451 426 535 Baptismum,
456 451 524 530 quia
539 452 659 531 pertinet
687 453 728 513 ad
748 453 954 514 Sacramentum
995 449 1120 527 didisie,
1152 472 1242 546 quam
1255 453 1389 518 ‘dubitari
1417 473 1531 537 queat,
1560 479 1596 520 an
1627 458 1770 543 baptizari

175 535 363 599 Poenitentie.
985 529 1098 613 Νῶϊ,
1120 552 1170 611 qul
1182 532 1363 617 Baptismum
1384 539 1419 603 de
1439 535 1567 618 praesenti
1584 560 1648 614 ,non
1671 541 1769 623 petit,

107 637 153 698 ²9
218 615 265 677 Ad
295 611 393 678 valide
422 627 521 698 autem
554 612 748 696 recipiendum
771 611 953 698 Baptismum
994 610 1063 675 dum
1085 613 1155 675 adsit
1175 615 1253 678 tellis
1267 615 1414 682 affirmans
1436 616 1507 681 illud
1521 619 1668 701 perivilie.
1691 624 1770 698 Qua·

175 697 207 760 in
227 693 331 759 adultis
352 692 466 760 ratione
483 698 647 770 utentibus,
671 693 826 777 requiritur
846 693 953 759 solum-
995 708 1114 777 propter
1134 714 1236 759 omnes
1257 697 1396 765 Doliores
1418 699 1593 764 affirmantes
1613 701 1688 783 polle
1708 722 1769 786 poe-

174 777 264 841 modo
284 775 381 860 prima
402 772 449 836 dis
485 775 568 855 sitio,
604 774 713 839 scilicet
733 773 880 840 consensus
900 800 953 842 uo·
994 773 1138 837 nitentem
1159 774 1289 855 absolvi,
1322 779 1491 845 teslificante
1512 781 1571 844 alio
1593 781 1670 864 signa
1689 783 1770 847 dolo-

172 854 338 935 luctatius,
361 856 418 922 srve
450 873 474 920 rt
493 857 630 933 asinalis,
650 856 708 921 five
728 857 861 922 virtualis
887 901 896 932 ,
918 856 951 918 sr-
993 854 1033 916 ris
1054 853 1258 936 manifestasse,
1283 875 1416 934 tenentur
1436 860 1519 926 fateri
1541 864 1616 944 posse
1636 863 1773 929 adultum

173 963 212 1007 ve
234 939 326 1005 etiam
347 935 523 1016 habitualis,
553 939 622 1004 idest
641 934 803 1013 voluntat,
840 935 887 1001 seu
908 937 950 1000 in·
993 935 1153 1019 baptizari,
1186 939 1253 1003 reste
1273 939 1436 1006 affirmante
1457 942 1638 1024 Baptismum
1659 944 1696 1008 ab
1718 946 1771 1010 illo

173 1021 272 1089 tentio
292 1018 392 1084 habita
430 1019 462 1082 ἃ
481 1040 542 1083 non
562 1017 736 1093 retradlata,
767 1018 842 1083 tunde
862 1018 951 1082 ratio·
992 1017 1167 1099 postulatum
1189 1017 1289 1084 suislee
1311 1023 1358 1085 lta
1377 1025 1608 1088 Zambranus·de
1628 1030 1772 1109 Baptismo

174 1126 211 1169 ne
232 1101 337 1167 habitat
357 1120 397 1166 vo
411 1099 536 1176 unratis,
570 1100 617 1166 seu
636 1099 807 1165 intentionis
826 1120 886 1163 non
907 1121 949 1162 re·
991 1115 1051 1181 cap.
1068 1119 1092 1161 1.
1114 1099 1263 1164 accedente
1282 1101 1328 1173 Jo.
1342 1104 1446 1169 Sancio
1467 1110 1497 1168 in
1511 1107 1607 1185 seleii.
1629 1109 1703 1190 desp.
1717 1129 1768 1187 44.

173 1184 301 1250 traslatae
321 1179 477 1265 recipiendi
500 1182 702 1266 baptismum,
725 1182 838 1264 possunt
859 1180 968 1245 etiam·
990 1205 1019 1241 u.
1036 1201 1086 1257 39.
1108 1180 1139 1243 dc
1159 1180 1320 1262 Reginaldo
1340 1187 1370 1246 in
1384 1187 1472 1249 Preti
1490 1205 1555 1250 tom.
1572 1209 1596 1250 1.
1619 1189 1640 1250 l.
1651 1190 1679 1250 8.
1703 1210 1727 1249 c.
1740 1213 1770 1270 ς.

173 1265 270 1331 valide
291 1262 796 1347 baptizariamentes,dormientes,
817 1262 949 1326 &ebrii.
990 1285 1020 1323 n.
1031 1260 1061 1322 8.
1082 1260 1129 1332 Jo.
1160 1261 1277 1326 sancius
1306 1263 1356 1326 loc.
1387 1271 1436 1330 cit.
1469 1292 1497 1329 n.
1508 1290 1561 1344 40.
1594 1266 1769 1350 subjungit;

172 1347 306 1413 Habetut
326 1342 449 1429 expresse
468 1342 620 1409 definitum
642 1348 673 1406 in
692 1359 754 1424 cap.
776 1348 901 1428 Majores
922 1368 951 1426 30
991 1339 1070 1423 quod
1090 1341 1110 1403 sr
1130 1341 1293 1418 dubitetur,
1317 1345 1386 1410 fitne
1407 1365 1538 1413 mortuus
1558 1348 1690 1423 adultus,
1720 1349 1769 1428 uel

172 1430 209 1492 tlt
228 1429 373 1512 Baptismo
393 1429 423 1505 §.
447 1430 520 1488 item
540 1429 692 1509 queritur,
716 1423 756 1488 Φ
776 1444 837 1569 cap.
859 1424 950 1506 deJu-
991 1422 1542 1495 non,adhucbatizanduss1teue
1579 1428 1766 1513 .tleqttibus,

109 1535 154 1598 30
174 1512 241 1577 deis
263 1531 291 1590 ς.
313 1508 377 1586 desi.
395 1528 446 1585 45.
466 1507 565 1570 Immo
588 1504 691 1570 sufficit
710 1504 747 1567 ad
766 1505 862 1571 vaide
882 1506 953 1568 reci·
992 1501 1074 1565 deu
1110 1505 1209 1584 tismo.
1240 1444 1283 1570 bt
1303 1506 1371 1571 hinc
1390 1512 1484 1574 oritur
1505 1447 1652 1576 insenuit>
1672 1512 1765 1597 bapti·
1788 1530 1827 1590 32

174 1590 310 1680 piendum
333 1586 514 1672 Baptismum
534 1586 657 1671 quilibet
676 1583 827 1680 consensus
847 1584 952 1652 volun·
993 1583 1078 1647 zandi
1100 1585 1137 1648 ub
1147 1585 1329 1664 conditione,
1353 1612 1386 1654 ex
1395 1611 1566 1685 quocunque
1579 1593 1674 1676 capite
1686 1594 1769 1659 roria.

176 1674 282 1749 tatius,
305 1671 375 1735 licet
395 1690 462 1734 cum
485 1667 688 1735 involuntario
708 1684 818 1731 mixtus
832 1668 884 1744 stt,
905 1666 951 1733 vi·
993 1683 1041 1730 tur
1061 1665 1238 1746 dubitatio,
1269 1690 1336 1733 cum
1359 1690 1469 1736 tattone
1497 1673 1576 1737 dubii
1598 1676 1679 1738 licite
1698 1674 1770 1741 fiant

172 1757 277 1823 delicet
298 1752 330 1819 vi
351 1768 402 1815 aut
422 1768 505 1816 metu
521 1771 705 1833 quocumque
725 1767 873 1824 extortus,
905 1747 952 1813 seu
991 1766 1055 1891 qna:
1077 1747 1148 1811 alias
1169 1769 1227 1811 non
1250 1748 1376 1831 fierent,
1409 1772 1442 1818 ur
1471 1772 1553 1819 notat
1574 1756 1675 1819 Glossa
1693 1757 1770 1820 ibi.

194 1836 309 1901 rallitus
341 1831 380 1897 ob
408 1830 574 1916 perversum
603 1830 710 1908 finem,
732 1855 763 1895 v.
785 1852 813 1911 g.
835 1847 955 1915 propter
1013 1829 1536 1917 mmoerliteslisdubitet,petierit,
1557 1845 1665 1911 necne,
1688 1837 1768 1901 adul-

170 1860 318 2002 bagirium
340 1913 535 1999 patrandum,
566 1932 686 1998 propter
704 1910 851 1996 Principis
871 1908 951 1978 savo·
993 1926 1040 1973 tus
1061 1908 1273 1995 Baptismum,
1306 1910 1355 1975 snb
1384 1914 1553 1981 conditione
1581 1918 1769 2012 baptizandus

174 2023 262 2077 rem,
292 1998 340 2064 uel
361 1995 475 2061 luctum
496 1995 657 2079 temporale
689 1992 948 2077 consequendum,
991 1991 1029 2053 est
1047 2014 1056 2062 3
1076 2012 1143 2054 cum
1166 1990 1352 2074 undequaque
1371 1995 1483 2059 oriatur
1503 1998 1581 2060 ambi
1623 2015 1695 2075 ttae,
1718 2023 1767 2083 ap·
1805 2062 1811 2066 .

174 2088 223 2147 eit.
245 2107 270 2145 c.
292 2080 434 2161 Μῄονα,
465 2077 514 2142 ubi
537 2076 689 2140 innocent.
714 2075 773 2136 111.
795 2075 832 2138 stc
848 2073 948 2159 'praeci-
989 2072 1083 2155 posrta
1110 2072 1279 2136 conditione
1311 2073 1344 2136 srt
1376 2075 1547 2142 vincenda.
1604 2097 1718 2145 raeterea
1747 2082 1769 2143 fi

172 2157 207 2228 sat
226 2159 349 2227 definit:
373 2165 402 2223 le
422 2163 472 2240 qui
491 2156 665 2232 terroribus,
695 2174 779 2238 atque
802 2155 951 2240 suppliciis
990 2154 1053 2236 posi
1073 2154 1246 2239 petitionem
1269 2153 1437 2238 baptismi,
1472 2156 1498 2222 se
1518 2162 1577 2232 jam
1597 2160 1769 2225 nolle'illud

168 2245 305 2310 violeum
321 2239 473 2305 attrahitur
493 2284 503 2316 ,
527 2239 566 2305 (t
586 2262 619 2303 ue
639 2238 833 2302 detrimentum
861 2240 949 2303 incur·
991 2234 1069 2298 dicat
1091 2234 1222 2311 adultus,
1244 2233 1390 2301 dubitetur
1409 2250 1536 2317 tamen,
1571 2240 1768 2327 praelertima

14 2319 19 2362 ⁹
107 2387 114 2396 ,
176 2347 238 2404 rat,
262 2326 400 2420 Baptismi
429 2323 539 2465 eiuscipit
558 2326 781 2395 sacramentum,
804 2319 872 2381 talis
892 2318 951 2401 (st.
992 2315 1149 2394 Medicis,
1180 2340 1214 2382 ex
1234 2316 1376 2400 phrenesis
1396 2317 1507 2384 laeoone
1529 2343 1566 2384 an
1596 2340 1696 2387 renuat
1717 2324 1766 2387 ba·

173 2425 220 2473 cur
241 2405 280 2471 Φ
294 2429 320 2469 tt
339 2408 388 2488 qui
456 2402 530 2464 ead
539 2405 715 2484 Baptismum
733 2399 864 2480 accedit)
886 2400 951 2465 ehu·
992 2397 1130 2480 ptizari,
1161 2396 1212 2461 sub
1231 2399 1399 2465 conditione
1428 2400 1618 2488 baptizandus
1638 2405 1703 2479 eli,
1733 2423 1767 2468 ut

168 2487 300 2553 railerem
315 2487 435 2567 suscipit
456 2482 678 2559 Christianitatis
697 2482 853 2566 impteffiem
874 2508 887 2556 ,·
911 2481 950 2545 (u
992 2480 1077 2545 docet
1096 2479 1263 2563 Henriquez
1284 2479 1334 2544 lib.
1350 2504 1376 2545 2.
1400 2508 1424 2547 c.
1438 2506 1486 2564 24
1507 2485 1663 2563 mmmm
1685 2484 1765 2549 fidu.

172 2570 231 2654 ipse
251 2583 395 2646 tamquam
415 2562 636 2625 conditionaliter
655 2565 776 2640 vokns,
806 2564 872 2627 licet
899 2562 948 2624 ab·
990 2560 1099 2626 bitetur
1118 2560 1153 2626 de
1174 2560 1298 2628 veritate
1317 2564 1426 2640 tellis,
1459 2588 1494 2629 an
1524 2587 1627 2631 verum
1657 2564 1763 2642 dicat,

164 2651 254 2734 solute
272 2667 322 2709 non
342 2645 442 2720 uelit,
474 2643 605 2723 cogendus
622 2643 659 2720 eli
686 2643 726 2704 ad
745 2644 949 2723 observantiam
989 2641 1036 2704 vel
1058 2661 1117 2704 non
1139 2644 1174 2706 de
1194 2643 1374 2724 expostulato
1394 2646 1564 2730 Repudium,
1596 2646 1646 2711 sub
1665 2647 1768 2710 condi.

169 2731 251 2796 fidei
267 2726 461 2806 Chrisliane,
491 2722 520 2785 in
541 2743 600 2805 quo
622 2721 687 2786 casu
717 2711 789 2787 didrt
810 2721 946 2785 Pontifex
988 2719 1069 2782 tione
1090 2719 1145 2782 erit
1166 2722 1385 2802 baptizandus;
1415 2743 1465 2790 aut
1486 2726 1506 2788 sr
1526 2727 1672 2791 audientes
1705 2747 1775 2790 nom

167 2814 251 2879 debet
280 2806 406 2889 intelligi
428 2804 584 2869 Decretum
611 2806 704 2868 Cone.
724 2801 865 2867 Toletani
886 2802 943 2868 IV.
983 2800 1167 2865 recordentur
1188 2799 1272 2877 satis,
1307 2824 1343 2865 an
1369 2804 1448 2868 teslis
1467 2807 1610 2872 asseruerit
1632 2809 1761 2892 expostu-

168 2895 255 2974 c.56.
276 2894 428 2953 inCauoue
447 2885 483 2948 eie
495 2885 603 2966 judeis
616 2906 643 2965 5.
673 2883 799 2965 ἀὼς.
834 2881 884 2947 ubi
905 2882 942 2946 stc
983 2882 1075 2945 latum
1098 2883 1167 2959 esse,
1189 2882 1328 2960 velnon,
1350 2885 1552 2969 Baptismum,
1574 2909 1626 2953 nec
1646 2909 1765 2974 compa·

166 2975 275 3040 dicitur
298 2995 307 3045 ς
336 2973 400 3059 ,Qui
428 2986 519 3030 autem
539 2968 580 3028 ael
600 2964 838 3042 Chrtflianitatem
860 2963 948 3026 cmiii
987 2979 1047 3026 reat
1068 2964 1162 3038 tellis,
1187 2985 1282 3046 aquo
1305 2963 1499 3043 sciscitentur,
1523 2969 1572 3032 sub
1592 2971 1762 3036 conditione

162 3061 230 3139 suut
250 3056 539 3133 venite...npoetet,
560 3064 593 3108 ut
611 3049 733 3123 Fidem,
755 3069 839 3127 quam
859 3048 946 3106 etiam
986 3043 1042 3107 erit
1063 3043 1301 3109 ministrandum.
1322 3048 1392 3110 Haec
1411 3050 1546 3126 Saucius,
1566 3071 1655 3132 quem
1676 3053 1763 3118 vide.

168 3144 222 3215 vj,
242 3135 292 3197 vel
310 3132 462 3212 neceffitnte
476 3132 670 3212 susceperuut,
693 3147 779 3194 tumre
800 3144 946 3211 cogamur,
1028 3124 1059 3186 Si
1080 3145 1210 3208 parentes
1232 3126 1370 3191 infantem
1393 3125 1530 3207 surdum,
1561 3153 1672 3196 coecum
1700 3179 1710 3210 ,
1732 3135 1763 3196 δι
1784 3146 1820 3212 33

166 3232 304 3285 nemmtn
312 3216 429 3278 Domini
438 3209 641 3295 blasphemetur
648 3236 664 3285 ,·
687 3208 841 3284 Midea,
862 3232 947 3291 quam
987 3224 1103 3270 mutum
1123 3230 1184 3272 non
1214 3208 1426 3306 baptizassent,
1458 3233 1516 3276 non
1547 3212 1636 3295 posset
1666 3215 1764 3298 pollen
1799 3235 1802 3241 ·

162 3304 354 3384 fiufeepetunt,
375 3294 466 3371 vilis,
489 3290 764 3374 &contemptibilis
783 3289 918 3354 habeatur
937 3333 946 3354 .
988 3286 1101 3353 adultus
1121 3289 1263 3375 baptizant
1281 3314 1289 3364 3
1320 3309 1383 3355 turn
1404 3293 1473 3378 qnia
1492 3313 1561 3357 non.
1585 3293 1651 3358 esset
1671 3315 1763 3379 capax

167 3384 252 3448 Unde
272 3377 371 3443 suh.
393 3379 425 3437 in
445 3396 476 3452 4.
499 3374 564 3453 diste
577 3380 605 3438 ό.
625 3396 716 3456 qur.
746 3395 803 3437 art.
818 3396 845 3436 2.
875 3396 945 3456 qute-
988 3368 1154 3448 cousensm,
1176 3373 1266 3458 quiin
1287 3373 1392 3437 adultis
1414 3375 1585 3457 requiritur,
1606 3392 1670 3438 tum
1692 3377 1762 3458 quia
1790 3368 1793 3378 '
1828 3431 1835 3441 ,

162 3466 302 3545 Jliuuc.3.
324 3464 355 3523 iu
375 3475 495 3542 corpore,
518 3456 554 3519 stc
576 3453 744 3521 concludit:
765 3459 897 3518 rituum
905 3453 946 3531 stt
987 3451 1077 3536 posstt
1097 3454 1200 3518 babere
1222 3454 1348 3536 aliquem
1369 3454 1484 3519 obicem
1507 3453 1631 3539 respettu
1661 3458 1763 3538 gratiae

166 3545 266 3610 coalito
286 3541 416 3605 inducens
429 3539 502 3616 ficut
522 3542 635 3613 mittit,
670 3536 719 3599 vel
730 3537 883 3622 flagelli,
904 3539 948 3599 ita
987 3535 1206 3600 Smramentalis
1228 3561 1238 3611 3
1271 3536 1442 3620 chagavia
1475 3537 1510 3599 de
1528 3542 1649 3600 Sacram·
1679 3536 1762 3602 erati.

169 3627 241 3711 quod
260 3625 421 3708 baptimus
436 3623 529 3705 potius
548 3619 684 3702 eligetB
719 3620 832 3700 uisurum
857 3621 945 3700 susci-
987 3619 1066 3679 unico
1084 3616 1119 3678 de
1140 3624 1223 3701 Bapt.
1244 3642 1291 3699 qu.
1308 3619 1353 3682 18.
1374 3642 1449 3682 num.
1461 3641 1488 3698 5.
1513 3618 1608 3681 Diana
1635 3636 1712 3701 part.
1728 3644 1761 3699 9.

162 3729 231 3793 pere
249 3730 333 3790 quem
354 3705 428 3767 talia
442 3704 540 3786 pati;
570 3719 635 3762 tunc
649 3636 725 3782 [uzi
742 3705 769 3762 it
787 3708 945 3766 Sacrumeu-
988 3717 1024 3760 tr.
1048 3703 1076 3761 6.
1099 3698 1175 3779 resol.
1200 3720 1227 3762 2.
1250 3698 1353 3763 Surdus
1373 3717 1495 3777 autem,
1512 3701 1543 3763 δι
1563 3714 1678 3778 mutus,
1709 3700 1762 3782 qui

105 3814 143 3876 31
166 3811 225 3854 tum
239 3834 250 3864 ,
265 3787 319 3868 sed
338 3811 389 3850 uon
409 3806 467 3848 rem
485 3786 677 3846 sacramenti.
730 3781 819 3846 andus
839 3780 877 3845 est
891 3780 942 3845 Ba·
985 3778 1085 3844 videns
1106 3780 1178 3844 alios
1198 3779 1235 3842 ba
1256 3779 1362 3858 rizari,
1385 3799 1416 3846 ut
1438 3781 1544 3845 accidit
1566 3781 1596 3844 in
1618 3781 1756 3847 terrisin-

165 3869 288 3958 ptismus
308 3864 482 3931 moribundo
504 3862 625 3928 senstbus
643 3862 796 3941 destituto,
827 3861 943 3946 quando
983 3857 1112 3924 fidelium
1134 3860 1206 3926 noui
1257 3861 1341 3938 rbis,
1374 3863 1442 3928 telle
1464 3863 1565 3948 Lopez'
1583 3867 1613 3926 in
1636 3861 1761 3942 lustrati

166 3953 268 4018 unicus
288 3948 382 4024 tellis,
403 3946 494 4013 etiarn
515 3943 655 4023 infidelit,
684 3942 840 4020 affirmat,
872 3953 942 4008 eum
980 3944 1065 4023 toust.
1079 3962 1155 4027 patr.
1172 3965 1197 4005 1.
1230 3961 1288 4027 cap.
1306 3965 1354 4008 12.
1383 3942 1509 4019 surdus,
1542 3944 1694 4026 inquam,
1728 3945 1762 4005 bt

165 4032 275 4120 petiisse
298 4029 506 4113 Baptismum,
541 4027 643 4091 eodem
672 4026 763 4091 modo
783 4047 843 4108 quo
863 4025 939 4089 adest
979 4040 1079 4088 mutus
1099 4024 1183 4100 ralis,
1206 4026 1257 4102 qui
1277 4027 1377 4091 videns
1398 4026 1472 4091 alios
1491 4024 1633 4109 baptizari
1655 4024 1681 4089 se
1703 4026 1759 4086 im·

165 4113 310 4195 obligatio
331 4107 497 4176 absolvendi
525 4108 674 4191 publicum
707 4124 886 4191 peccatorem
909 4107 939 4169 in
980 4104 1099 4170 misceat
1120 4126 1188 4170 cum
1208 4105 1269 4174 illis
1289 4109 1326 4170 ad
1339 4106 1544 4204 suscipiendum
1557 4105 1761 4190 Baptismum,
1813 4153 1819 4164 .

166 4193 301 4260 extremis
322 4191 495 4274 degentem,
517 4189 568 4271 qui
589 4188 667 4272 signa
686 4187 795 4253 doloris
814 4188 940 4253 ostende·
980 4204 1080 4270 petens
1103 4185 1152 4253 suo
1174 4189 1263 4252 modo
1293 4189 1382 4254 etiarn
1413 4187 1471 4274 rpse
1492 4190 1702 4272 Reprimunt,
1738 4187 1760 4249 li

166 4274 384 4359 renonpotesl,
405 4273 491 4337 unico
512 4287 628 4334 tantum
649 4270 718 4333 telle
740 4269 939 4334 teslirnonium
979 4270 1237 4353 deprehenderetur
1259 4293 1293 4335 ex
1316 4272 1417 4354 signis,
1438 4286 1527 4354 atque
1547 4268 1662 4333 indiciis
1683 4265 1759 4331 susli·

167 4358 273 4423 serente
294 4376 329 4420 ea
351 4349 554 4428 manifestasset
580 4350 716 4435 estenim
739 4370 791 4435 par
811 4350 886 4415 ratio
909 4350 939 4413 in
980 4352 1089 4415 cienter
1112 4351 1286 4429 inuentus,
1320 4354 1451 4436 signaque
1481 4351 1669 4416 contritionis
1690 4366 1755 4411 tun·

166 4456 288 4521 utroque
308 4434 402 4510 casu,
433 4433 528 4497 immo
548 4434 643 4505 major
670 4431 700 4495 in
731 4431 936 4528 baptizando,
978 4432 1071 4497 dendo
1092 4433 1189 4517 petina
1209 4434 1257 4498 vel
1280 4431 1364 4499 aliter
1384 4434 1568 4510 oslenderet,
1598 4430 1687 4514 pollet
1707 4428 1758 4491 bn·

130 4540 233 4585 ·-nam
255 4517 285 4582 ln
306 4515 455 4600 Baptismo
476 4514 554 4578 auos
576 4512 752 4597 suscipientis
773 4513 856 4577 ullum
877 4533 938 4576 noo
978 4513 1108 4598 ptitari.
1141 4512 1194 4579 Sed
1217 4516 1237 4577 st
1259 4512 1344 4579 facile
1362 4499 1454 4598 bosset
1474 4513 1548 4577 adiri
1568 4511 1758 4656 Episcopus,

163 4601 229 4692 sum
247 4599 375 4674 uatem
393 4595 598 4694 Sacramenti,
630 4596 700 4663 sicut
730 4596 762 4661 in
780 4592 936 4662 Contene-
979 4598 1038 4674 ejus
1068 4596 1208 4670 iudicium
1238 4596 1303 4664 esset
1326 4595 1566 4750 eqpediandum.
1615 4609 1646 4657 ta
1660 4590 1763 4738 ἄρα

1383 4697 1402 4742 a
1441 4697 1459 4737 2
