4025 5284
247 141 329 217 240
527 109 1179 212 APPELLn'sto,
1237 108 1377 191 Aur.
1418 105 1468 190 X.

180 247 221 294 eo
241 225 303 309 poll
332 221 561 307 appellationem
591 244 626 285 ex
657 221 836 290 concelliooe
864 220 963 296 iuris,
1004 216 1144 296 fficiam,
1163 214 1277 279 uiribus
1292 241 1345 281 nm
1359 215 1529 300 subsiliunt·
1550 211 1641 280 Ratio
1671 231 1837 306 autem,7

181 327 242 372 aon
262 304 399 370 dicuutur
417 303 536 390 proprie
551 319 725 369 attentata:
757 305 799 366 Et
829 301 867 364 lic
896 300 965 366 licet
1005 319 1096 383 quate
1117 298 1280 364 revocanda
1298 299 1354 362 fint
1375 317 1443 365 ante
1462 297 1566 362 omnia
1585 296 1678 363 etiam
1710 299 1790 366 iono-

178 388 311 461 ludera
339 412 394 471 qao
414 386 476 470 post
544 380 733 466 pellationem
763 379 891 468 prefigat
917 401 967 466 ap
1007 398 1096 457 vata,
1118 380 1150 444 dt
1168 396 1316 445 attentata
1337 379 1433 444 medio
1463 397 1596 464 tempore
1626 379 1703 443 inter
1731 379 1791 446 sen·

180 469 303 554 pellenti
325 401 544 533 terminumil
570 463 627 525 reci
650 462 750 530 iendos
780 463 965 549 Apostolos,
1009 464 1151 539 tentiam,
1173 462 1207 526 &
1238 460 1484 544 appellationem,
1512 481 1578 543 qua
1608 461 1796 543 postmodum

181 550 229 615 vel
250 551 286 613 ad
306 544 532 632 prosequendam
553 483 781 628 appellationem
803 591 813 622 ‚
837 547 868 609 81
889 546 965 608 fimi·
1007 543 1084 607 infra
1101 543 1270 610 decendium
1293 542 1355 607 inte
1409 543 1506 618 nitur,
1527 561 1561 604 ut
1581 541 1654 604 dicit
1681 543 1791 608 citatus

183 632 240 705 lia,
261 650 321 691 non
341 624 509 690 committit
531 623 639 688 vitium
656 631 807 704 arremari,
829 627 967 710 quiahoc
1006 642 1132 704 textus,
1164 625 1233 700 ell,
1264 626 1333 719 quia
1374 622 1504 688 ententia
1525 622 1586 686 lata
1611 624 1752 698 aludice
1772 651 1793 688 a

183 712 254 776 iacit
274 730 310 772 er
330 703 508 772 eunceffiuoe
529 707 600 781 jutis
622 732 632 783 3
652 728 711 794 cap.
733 711 866 791 Personat
883 731 914 785 e.
931 709 969 769 de
1006 731 1060 789 quo
1080 728 1139 769 non
1159 705 1260 769 tranfit
1281 727 1311 768 rn
1333 726 1394 769 rem
1422 703 1608 782 judicatam,
1640 708 1696 771 nist
1727 707 1796 793 post

182 790 357 873 appellarim.
370 788 409 852 (r
429 788 596 852 Clementia.
608 796 773 878 Quantam,
792 791 829 854 de
845 790 972 875 appella,
1007 788 1176 852 decendium
1210 785 1367 871 elapsum,
1399 803 1483 850 textu
1512 787 1634 852 entello
1663 794 1695 853 in
1725 807 1791 873 cap.

180 876 248 935 tion.
268 869 361 934 Sicuti
383 870 474 934 etiam
500 891 561 933 non
589 869 730 940 diceretur
749 872 840 944 ludet
867 896 888 934 a
914 897 968 955 quo
1006 869 1095 953 Qud
1112 868 1155 934 ad
1174 871 1398 964 consultationem
1422 807 1684 1014 masmanna&
1707 872 1748 936 (o
1763 894 1797 935 re

181 951 292 1047 aliquid
312 952 471 1025 innovare,
494 949 541 1018 vel
562 969 723 1030 attentare,
745 954 766 1016 st
788 954 849 1037 post
868 954 966 1038 appel·
1003 952 1154 1035 judicata,
1174 952 1296 1016 &rutra
1315 949 1408 1034 ipsum
1429 948 1515 1013 decen
1537 948 1599 1011 ium
1618 951 1672 1013 ssat
1694 952 1723 1013 in
1753 953 1791 1015 li·

185 1034 326 1098 lattunem
356 1053 414 1117 pra
442 1030 551 1096 timore
582 1033 800 1119 dilapidationis
823 1033 968 1097 irudluum
1010 1035 1120 1098 bertate
1141 1032 1325 1096 condemnati
1335 1029 1497 1127 appellare,
1519 1029 1565 1094 vel
1587 1050 1671 1104 uon,
1693 1052 1712 1093 a
1732 1032 1792 1097 len-

184 1115 290 1179 laceret
310 1135 359 1179 eos
379 1112 559 1196 sequestrati,
582 1116 931 1180 cumhoceiconcedatur
952 1139 970 1179 a
1010 1112 1105 1180 tentia
1124 1113 1274 1177 definitiva
1293 1114 1402 1185 Judrcts
1419 1136 1439 1172 a
1456 1133 1539 1192 quo,
1572 1111 1795 1184 iuxtaterram

184 1202 246 1270 jure
267 1219 276 1262 3
297 1214 355 1279 cap.
377 1199 498 1281 ,Quoties
510 1197 596 1279 11111
624 1200 699 1278 caus,
711 1218 738 1258 2.
780 1201 829 1260 .6.
851 1198 900 1260 ubi
930 1197 966 1260 fic
1006 1193 1166 1279 expressum
1185 1199 1219 1258 in
1240 1191 1521 1257 intentamenta:
1546 1187 1585 1253 Θ
1604 1187 1673 1254 in'c
1709 1197 1791 1256 ..dn-

180 1277 303 1359 erprerie
323 1278 460 1340 dicitur:
491 1282 612 1363 Quoties
630 1280 689 1363 poll
707 1223 837 1341 arabiam
855 1279 967 1359 cansam
1005 1281 1137 1340 retiatum
1158 1277 1207 1339 28.
1219 1281 1292 1357 taus.
1305 1298 1332 1336 2.
1341 1299 1370 1357 q.
1382 1278 1410 1336 b.
1420 1274 1547 1346 adeoque
1568 1272 1675 1346 intta'
1716 1291 1795 1338 tem·

174 1360 305 1441 jadicem
320 1357 446 1445 poffiffor
461 1379 486 1422 a
496 1359 615 1441 pellat,
640 1361 753 1440 fraino
775 1360 965 1445 poffeffionis,
1008 1360 1088 1444 poris
1108 1380 1127 1421 a
1145 1360 1206 1432 jure
1225 1356 1347 1424 conoelst
1366 1354 1403 1417 ad
1423 1352 1625 1441 appellandum
1646 1370 1793 1436 nequeunt

181 1441 217 1502 a'e
234 1465 293 1523 qua
312 1445 442 1524 agitur(
484 1464 531 1502 um
546 1442 691 1524 sequendae
707 1442 856 1507 audientia
886 1467 966 1505 even·
1005 1440 1106 1522 alique
1125 1439 1260 1505 innovari
1281 1459 1299 1500 a
1317 1438 1331 1509 J
1337 1437 1417 1502 udice
1437 1462 1456 1497 α
1474 1457 1548 1518 quo;
1569 1434 1654 1500 aliter
1674 1456 1707 1500 eo
1723 1444 1790 1500 0111·

180 1520 434 1599 attaminet)
464 1525 560 1583 merito
595 1525 804 1603 eaejlranmr,
835 1521 874 1585 (o
904 1544 964 1601 can.
1007 1524 1057 1586 nia
1079 1541 1230 1603 tamquam
1252 1537 1397 1583 1111111111
1416 1516 1482 1580 sunt
1502 1517 1665 1580 revocanda
1695 1517 1792 1580 ssarim

180 1600 228 1664 Ab
246 1623 277 1661 eo
291 1624 319 1682 3.
331 1601 367 1662 de
381 1600 551 1682 sequelam
573 1549 659 1681 elliam
671 1604 879 1683 (1111311111,
903 1606 964 1667 ibi:
1006 1625 1025 1665 a
1044 1603 1144 1675 ludite
1163 1603 1204 1664 ad
1222 1625 1325 1683 qoem,
1348 1618 1382 1664 ut
1401 1597 1607 1686 praejudicialia
1625 1615 1730 1662 contra
1748 1602 1794 1675 jus

178 1679 227 1743 Ab
245 1702 293 1756 eo,
316 1683 367 1763 qui
383 1705 403 1740 a
417 1682 559 1759 sententia
572 1688 764 1763 provocavit,
780 1687 890 1761 frubius
903 1687 965 1767 pos-
1011 1682 1139 1748 libertati
1160 1681 1345 1768 appellandi.

173 1762 293 1844 sessionis
313 1766 327 1843 (
344 1758 551 1844 1111111111
568 1761 607 1824 ab
624 1765 720 1847 ipfit)
746 1766 884 1848 pollent,
915 1767 966 1828 lite
1049 1768 1210 1826 Atrenrata
1228 1779 1357 1838 autem,
1384 1761 1527 1846 pendente
1545 1760 1743 1845 appellatione
1772 1765 1833 1827 28

175 1841 329 1927 pendente,
351 1843 556 1907 rationabiliter
570 1846 749 1930 stquelltari.
1006 1840 1148 1907 sententia
1159 1841 1401 1918 interlocutoria,
1425 1842 1500 1906 seua
1518 1844 1710 1924 gravamine,
1732 1863 1791 1906 non

144 1953 157 2014 ς
222 1926 401 1999 Atteutata,
423 1926 565 2009 pendente
584 1927 780 2012 appellatione
810 1950 828 1991 a
856 1925 964 1993 senten·
1007 1941 1179 1988 revocantur
1198 1943 1268 1988 ante
1287 1925 1409 1998 omnia,
1431 1923 1478 1987 sed
1498 1924 1582 1988 debet
1603 1924 1681 2008 prius
1711 1924 1790 1999 justi-

180 2005 225 2071 tia
243 2003 410 2082 definitiva,
435 2027 608 2073 revocantur
628 2027 696 2073 ante
715 2007 817 2073 omnia
851 2029 901 2092 per
922 2032 963 2074 re·
1003 2005 1085 2069 ficari
1103 2003 1189 2070 causa
1205 2005 1432 2089 appellationis;
1451 2006 1485 2069 &
1503 2005 1588 2070 ceula
1615 2005 1787 2085 justificata,

180 2086 311 2151 medium
331 2089 492 2164 Attentati,
513 2090 558 2153 ita
578 2090 717 2164 utJuder
736 2090 777 2153 ad
794 2115 875 2173 quem
895 2110 963 2154 ante
1003 2089 1036 2152 ἃ
1056 2087 1197 2172 probata,
1220 2106 1289 2151 tunc
1310 2104 1512 2165 revocantur,
1543 2087 1597 2150 nifi
1624 2104 1723 2151 tamen
1743 2089 1787 2162 ju·

180 2168 282 2233 omnia
302 2168 403 2232 debeat
424 2169 539 2253 penitus
569 2192 733 2247 revocare,
762 2171 869 2236 nedum
899 2194 963 2248 ea,
1002 2169 1059 2234 der
1076 2168 1119 2232 aci
1137 2193 1248 2252 quem,
1273 2172 1334 2253 poll
1352 2169 1524 2233 devolutam
1544 2171 1581 2232 ad
1602 2167 1628 2232 se
1645 2168 1786 2248 causam,
1820 2219 1824 2252 ,

151 2279 156 2294 1
180 2270 243 2330 qua
263 2248 327 2314 sunt
349 2249 492 2314 innovata
512 2253 575 2336 poll
588 2252 815 2347 appellationem
836 2253 963 2334 interpr·
1005 2270 1057 2334 per
1075 2250 1302 2334 appellationem
1332 2249 1473 2314 canonice
1506 2250 1665 2315 inhibuerit
1691 2250 1791 2325 ludici
1820 2255 1828 2338 l

181 2331 283 2406 stram,
305 2329 350 2395 sed
370 2332 460 2394 etiam
480 2353 514 2396 ea
534 2353 663 2410 omma,
700 2354 764 2415 que
794 2331 858 2395 lunt
881 2333 964 2397 inno·
1005 2358 1024 2392 a
1044 2356 1116 2412 qao,
1140 2352 1175 2394 ue
1197 2332 1321 2394 ulterius
1342 2334 1525 2413 procederet,
1546 2332 1619 2418 qnia
1638 2351 1708 2394 runc
1727 2351 1792 2394 om·
1827 2341 1873 2456 χ

183 2430 269 2487 vata,
291 2413 323 2475 dt
342 2430 458 2475 mutata
480 2413 577 2477 medio
605 2432 737 2496 tempore
759 2412 834 2477 inter
853 2412 963 2477 senten·
1004 2413 1056 2474 nia
1076 2413 1218 2478 innovata
1238 2435 1256 2475 a
1275 2413 1375 2484 iudice
1395 2437 1414 2474 a
1426 2437 1478 2492 qao
1498 2416 1560 2508 post
1582 2413 1791 2476 inhibitionem

179 2492 255 2554 tiam
277 2537 286 2568 ,
307 2492 339 2555 bt
357 2512 399 2576 ap
437 2494 620 2571 llarionem,
650 2493 769 2578 perinde
797 2516 831 2557 ac
862 2493 965 2576 fipost
1002 2494 1092 2557 ellent
1111 2512 1182 2558 ante
1199 2497 1303 2557 omnia
1323 2494 1480 2558 reducenda
1501 2517 1531 2558 rn
1560 2497 1665 2559 ilatum
1696 2495 1790 2578 prisii-

180 2574 311 2638 eamdem
322 2594 395 2657 appe
409 2575 549 2640 lationem
570 2576 711 2639 innovata
729 2574 861 2648 fuissent3
879 2573 964 2637 dum·
1004 2595 1076 2637 num
1099 2573 1264 2658 peripsum
1286 2575 1418 2647 Iudicem
1436 2576 1477 2637 ad
1493 2600 1601 2659 quem,
1632 2594 1716 2639 textu
1738 2598 1787 2640 er·

181 2657 271 2720 modo
290 2655 387 2737 postea
407 2654 482 2718 infra
502 2655 601 2721 decem
618 2656 678 2722 dies
699 2655 879 2740 appellatum
901 2658 935 2719 srt
955 2700 964 2718 .
1006 2654 1097 2739 presso
1117 2662 1148 2719 in
1168 2675 1228 2740 cap.
1252 2659 1317 2720 Non
1330 2658 1460 2886 Kana,
1488 2658 1522 2718 de
1547 2658 1679 2742 appellat.
1699 2660 1734 2720 in
1753 2661 1784 2721 ό.

108 2739 110 2744 ’
144 2735 229 2801 bSlc
249 2733 362 2819 ptaecise
384 2736 507 2801 habetur
533 2740 565 2800 t‘n
593 2755 652 2821 cap.
675 2742 741 2804 Non
768 2739 859 2819 solum
878 2760 910 2816 7.
932 2738 966 2797 de
1005 2740 1037 2815 §.
1062 2737 1117 2799 illa
1136 2762 1220 2806 vero,
1244 2738 1284 2801 ibi
1306 2757 1326 2806 1
1366 2740 1396 2801 lo
1411 2763 1494 2814 veto,
1514 2764 1574 2821 qun
1589 2739 1649 2821 poll
1665 2737 1785 2822 appello·

182 2820 356 2900 appellarim.
369 2820 399 2880 in
421 2813 533 2882 6.Νὸ11
557 2817 649 2882 solum
671 2818 813 2885 innovata
833 2820 895 2903 post
916 2840 965 2902 ap·
1006 2823 1109 2882 tionem
1130 2815 1314 2903 interpofitan‘a
1382 2819 1591 2898 edefinitivam
1619 2822 1787 2899 sententiam

180 2898 368 2980 pellatiouern
387 2919 409 2960 a
436 2896 588 2963 definitiva
614 2899 758 2965 sententia
787 2900 973 2973 interjellam*
1004 2904 1192 2979 innovantur,
1213 2900 1295 2964 donet
1346 2903 1624 2987 pellatimiseausam
1632 2901 1788 2979 unmteffe

179 2979 284 3045 debent
304 2976 416 3062 semper
436 2982 528 3061 (erce
550 2979 588 3044 tis
597 2982 703 3045 casibus
723 2981 755 3044 in
775 2983 880 3066 quibus
898 2967 963 3070 jupb
1002 2982 1166 3060 eonstiterit,
1187 3006 1268 3045 revoc
1300 2985 1372 3048 t'non
1380 2982 1790 3065 debent,ni]t'Judeaappella·

179 3061 243 3142 poll
259 3058 433 3130 ,sententiam
445 3061 531 3155 prohi
568 3081 601 3124 nt
621 3063 791 3147 appellare)
812 3082 879 3127 ante
896 3083 960 3126 om·
999 3068 1087 3127 tionis
1108 3066 1269 3149 (postquam
1285 3065 1499 3144 fibitonslirerit
1512 3084 1564 3149 per
1579 3090 1601 3126 a
1648 3062 1790 3127 llarionem

180 3139 230 3235 nia
246 3160 302 3283 per
321 3141 525 3225 appellarronis
544 3143 674 3215 iudicem
705 3144 820 3229 penitus
848 3166 965 3207 reuoca·
1005 3147 1131 3224 emiliam
1152 3169 1185 3209 ert
1202 3148 1288 3290 111111
1302 3147 1444 3230 probabili
1459 3149 1520 3226 sore
1543 3145 1584 3208 ad
1616 3149 1791 3226 enegotiam

178 3241 222 3297 11,
257 3220 291 3286 ed
312 3224 402 3286 etiam
422 3244 458 3287 ea
476 3224 599 3299 omnia,
618 3247 682 3308 qna
704 3224 801 3289 medio
829 3244 965 3309 tempore
1002 3225 1190 3308 devoraram)
1211 3234 1243 3292 in
1263 3228 1339 3293 ibeat
1357 3227 1600 3311 eanoniceJadiei
1616 3252 1636 3290 a
1662 3248 1716 3309 quo
1736 3241 1787 3309 ap·

180 3301 257 3367 ‘mter
276 3301 469 3381 sententiam,
493 3306 785 3389 &appellationem,
805 3329 869 3391 quae
889 3309 962 3391 post·
997 3311 1137 3392 pellatam
1155 3315 1270 3387 exterit,
1290 3335 1326 3375 ne
1340 3311 1470 3396 procedat
1489 3337 1501 3385 ‚·
1522 3329 1588 3374 rant
1607 3313 1682 3373 enim
1706 3305 1787 3389 quid·

176 3384 300 3448 modum
324 3385 396 3448 infra
425 3386 593 3451 decendium
624 3390 819 3472 interponitur
851 3389 886 3452 ab
917 3411 962 3453 ea·
1002 3389 1075 3473 qnid
1087 3390 1146 3474 poll
1165 3391 1362 3460 inhibitionem
1379 3394 1541 3476 hujusmodi
1552 3393 1641 3470 faerit
1671 3394 1788 3456 innova·

177 3464 262 3542 dem,
283 3466 434 3531 continuit
456 3468 617 3548 innovari,
650 3493 684 3535 ac
713 3472 734 3534 st
753 3473 817 3556 poll
835 3469 961 3556 appella·
1003 3494 1065 3536 ram
1085 3517 1095 3548 ,
1115 3472 1152 3550 eli
1170 3475 1260 3556 (litet
1279 3478 1367 3556 cansa
1383 3474 1481 3537 eadem
1498 3499 1550 3538 non
1566 3473 1606 3552 βε
1626 3473 1720 3551 veta)
1737 3487 1789 3556 pet

177 3515 443 3644 tionemoeamdim
466 3548 609 3646 innovata
637 3552 751 3617 fuissem
773 3599 781 3615 .
813 3554 855 3617 Et
885 3552 962 3616 ratio
999 3553 1127 3616 eamdem
1140 3555 1329 3638 appellationis
1342 3557 1475 3638 judicem
1487 3577 1551 3620 aare
1570 3560 1667 3620 omnia
1685 3560 1716 3619 in
1730 3552 1787 3631 lla-

177 3628 235 3704 ell,
279 3650 327 3692 uta
346 3630 533 3713 appellattoa
557 3633 717 3699 Definitiva
737 3634 842 3699 exImit
861 3635 958 3717 appel·
999 3655 1060 3699 tam
1069 3634 1421 3719 pristinamredacendum.
1444 3636 1535 3701 Ratio
1556 3655 1674 3712 autem,
1696 3654 1824 3720 quare,

179 3649 289 3802 lanterii
311 3710 540 3806 ajurisdillione
560 3713 668 3786 Iudicis
688 3741 707 3778 a
726 3739 779 3798 qao
805 3720 903 3797 quoad
923 3716 956 3777 il·
999 3735 1172 3796 attentata,
1207 3720 1350 3798 pendente
1377 3717 1575 3801 appellatione
1604 3713 1785 3783 asententia

179 3787 239 3882 lam
262 3789 395 3867 causam,
417 3813 435 3854 a
453 3812 533 3872 1111111
555 3795 698 3861 sententia
716 3796 895 3880 appellavit,
916 3814 961 3860 ta·
1002 3798 1171 3877 definitiva,
1193 3801 1314 3865 debeant
1335 3801 1449 3878 statim,
1470 3801 1503 3865 dr
1522 3818 1590 3864 anre
1611 3800 1715 3865 omnia
1743 3819 1785 3862 re·

180 3868 347 3952 luet-quod
366 3872 486 3937 durante
499 3878 713 3971 appellatione,
737 3878 862 3962 respeelu
883 3878 961 3942 illius
1001 3882 1132 3957 vocari,
1162 3882 1194 3945 81
1214 3898 1387 3959 attentata,
1421 3882 1562 3966 pendente
1590 3879 1786 3966 appellatione

179 3949 268 4014 causa
287 3973 345 4015 non
367 3955 402 4017 stt
432 3955 557 4039 amplius
587 3979 643 4043 pro
677 3960 721 4024 ius
751 3963 811 4035 ejus
841 3960 961 4036 ludex,
1002 3962 1040 4025 ab
1063 3963 1307 4037 interlocutoria,
1329 3985 1389 4028 non
1408 3965 1533 4029 debeant
1554 3963 1705 4039 revocari,
1735 3960 1788 4024 nifi

179 4031 307 4127 adeoquue
327 4034 468 4118 quidquid
496 4036 613 4105 iuterim
654 4043 727 4107 adet
758 4067 778 4104 a
806 4065 858 4125 quo
887 4043 963 4105 circa
1042 4045 1155 4124 liquam
1176 4043 1263 4110 fuerit
1283 4043 1434 4119 iustificata
1453 4043 1635 4129 appellatio,
1665 4045 1697 4109 dt
1716 4062 1784 4106 oon·

179 4133 243 4210 eam
266 4136 410 4194 ronovat,
433 4116 480 4184 seu
499 4139 657 4202 attentat,
692 4123 732 4188 ell
753 4122 815 4209 ipso
836 4134 898 4198 jure
920 4124 962 4185 in·
1027 4125 1108 4189 iterit
1128 4149 1228 4191 veram
1248 4127 1302 4191 elle
1320 4124 1431 4193 causam
1462 4125 1657 4210 appellandi,
1686 4122 1783 4198 ratio,

178 4195 329 4296 1111ξᾶ11111,
350 4217 502 4284 tamquam
524 4204 632 4270 netum
652 4228 671 4269 a
689 4205 789 4279 ludite
810 4226 871 4294 non
891 4201 960 4281 suo,
1003 4205 1635 4290 inquam,differentia,&disparitarisell‚
1654 4203 1788 4299 quiapor

178 4278 210 4376 ⁸¹.
230 4296 446 4376 tncompetente
468 4309 476 4360 3
497 4306 556 4372 cap.
578 4294 620 4352 Ar
635 4287 663 4367 fi
682 4289 787 4353 clert'ai
804 4309 837 4366 ,4.
855 4285 893 4347 ae
905 4293 959 4367 Ju·
1001 4284 1174 4354 sententiam
1194 4289 1378 4356 definitivam
1399 4291 1501 4356 finitur
1525 4286 1653 4354 offitium
1673 4285 1787 4357 Judrcrs

177 4358 280 4457 decio,
303 4361 363 4425 rbr:
385 4368 560 4432 lienteriam
575 4374 716 4452 sententia
735 4395 755 4433 a
774 4395 825 4436 non
840 4373 959 4452 111111-
997 4393 1096 4451 aquo,
1117 4372 1188 4455 qui,
1210 4373 1363 4456 postquam
1373 4373 1546 4441 sententiam
1560 4366 1785 4452 pronunciavit,

178 4444 243 4505 date
260 4443 322 4540 lata
340 4469 393 4510 nen
413 4465 514 4526 tenet,
549 4454 591 4512 ita
612 4453 651 4518 (t
666 4453 748 4530 sabla
778 4452 898 4530 eooftffio
918 4476 960 4515 co·
1000 4450 1102 4516 definit
1121 4454 1174 4518 else
1194 4453 1305 4532 lodex,
1326 4457 1460 4539 111111
1481 4475 1530 4535 ςς.
1544 4453 1586 4531 ff.
1602 4453 1639 4515 ale
1658 4472 1689 4511 tt
1707 4446 1784 4530 judi·

176 4541 238 4586 tam
259 4527 317 4608 apso
326 4553 340 4603 ;
363 4533 401 4591 Et
421 4532 520 4615 Regni.
536 4534 630 4595 adde
650 4537 764 4618 Regali
774 4538 858 4617 Juris
877 4537 907 4596 in
929 4536 959 4595 6.
1000 4557 1095 4612 cara,
1126 4536 1157 4598 dt
1176 4557 1229 4622 per
1247 4536 1476 4621 appellationem
1495 4535 1532 4598 ab
1562 4529 1785 4599 eaadevolvitur

178 4607 223 4666 2¹
241 4608 394 4690 qoaesstrnt
413 4611 568 4694 ajalim,
586 4614 670 4691 fiad
690 4619 750 4698 ejus
767 4613 963 4700 norspeflant
1002 4634 1069 4684 tota
1088 4617 1171 4683 cattle
1189 4617 1227 4685 ad
1245 4618 1379 4694 Judicom
1397 4621 1439 4688 ad
1457 4641 1567 4704 qoem,
1598 4613 1701 4680 statim·
1727 4605 1783 4672 sus·

226 4713 230 4728 ·
1673 4708 1740 4778 peu·
