4025 5284
364 179 368 186 .
458 114 842 222 BENEF-ICIUM,
870 116 1199 220 BENEFICIA,
1228 118 1371 201 Aur.
1402 122 1471 201 tx.
1619 150 1704 236 473

169 255 191 318 ,·,
212 231 282 300 creti
304 229 513 297 reservaverant
535 230 624 309 (qua
644 226 760 308 quidem
783 228 945 306 Ecclesia,
988 272 1009 305 ‚,
1033 226 1250 292 conservatione
1272 228 1491 312 collegiorum,
1514 233 1544 294 bt
1562 232 1685 299 alioruin
1701 238 1769 301 Pio«

174 361 194 398 ‚‚
216 313 412 385 Monasleria,
434 330 485 373 nec
507 327 566 370 non
588 309 625 371 fic
643 307 784 373 reservata
806 311 947 374 Eeneficia
988 352 1009 385 „
1031 330 1095 372 rum
1120 310 1151 372 δι
1171 309 1238 372 Reli
1259 307 1383 374 iosorum
1397 313 1541 375 Locorum
1563 315 1598 377 ad
1614 316 1694 380 Fidei
1705 320 1763 380 Ca*

171 442 192 477 ‚,
215 388 629 477 temporeobituseonrmdem
641 389 874 455 Praedecessorum
893 415 943 456 va·
985 433 1006 466 „
1029 389 1137 453 tholice
1156 332 1365 466 defensionem,
1387 391 1687 474 &propagationem,
1711 400 1763 462 bo·

165 522 187 557 ‚,
208 476 328 547 cabant,
350 489 402 534 aut
424 469 556 535 Ecclesiae
578 469 663 553 ipsae,
694 472 741 536 vel
763 474 944 537 Monasieria
985 513 1006 546 „
1030 492 1189 554 natumque
1210 470 1318 534 artium
1339 472 1451 536 cultum
1476 472 1700 553 institutorum)
1723 477 1762 541 sa·

166 603 187 650 ‚3
210 552 394 628 hujusmodi,
418 551 438 612 si
459 551 688 626 commendata,
718 553 764 617 vel
787 553 827 616 eis
848 553 940 617 admi·
982 595 1003 629 „
1026 549 1106 627 sias,
1128 572 1192 634 qua
1212 551 1294 614 suum
1317 574 1375 615 non
1400 549 1463 616 sunt
1485 549 1593 617 sortita
1612 555 1765 619 effectum:

105 710 109 716 Ι
163 682 184 717 ,,
206 635 370 697 nistratores
391 632 521 716 deputati
544 654 602 696 non
618 632 747 710 fuissent,
770 634 941 699 etiamtunc
981 677 1004 710 „
1025 653 1059 695 ac
1080 631 1275 714 quascumque
1285 631 1497 708 concessiones,
1520 635 1550 697 ἃ
1571 636 1763 703 mandatasu·

111 713 122 727 ’
166 762 189 796 „
209 713 377 791 vacasstnr)
402 714 580 788 remansisse,
601 714 632 777 ἃ
653 735 799 779 remanere
820 735 870 798 per
890 716 941 780 bu
983 758 1003 791 „
1027 733 1078 796 per
1098 713 1272 788 unionibus,
1295 713 1527 792 anpexionibus,
1551 714 1763 799 incorporatio·
1862 735 1864 740 ’

167 794 334 877 „jusmodi
357 792 610 869 reservationem,
642 795 843 862 &decretum
873 795 940 859 asie-
982 837 1002 870 „
1025 793 1137 870 nibus,
1167 796 1198 857 bt
1219 794 1285 856 aliis
1306 792 1454 878 praemissis
1476 794 1575 859 taliter
1596 797 1763 877 faciendis,

160 925 182 961 ‚,
204 878 282 952 sia,
312 874 483 957 nullumque
504 877 539 939 de
561 875 619 939 illis
649 895 750 959 prater
771 878 939 941 Romanurn
981 917 1001 951 „
1025 875 1194 951 revocavit,
1216 875 1353 950 cassavit,
1377 878 1407 938 δι
1430 874 1578 956 irritavit,
1601 878 1762 961 nulliusque

162 1006 182 1039 ‚,
208 955 380 1022 Pontificem
402 978 436 1020 ea
455 956 521 1022 vice
542 954 570 1021 se
591 956 805 1033 intromittere,
828 958 874 1022 vel
897 959 939 1020 di·
980 998 1002 1031 „
1025 955 1152 1021 decrevit
1173 956 1289 1020 exiliere
1309 955 1480 1027 firmitatis,
1503 958 1566 1020 Nec
1581 959 1667 1022 alicui
1678 960 1761 1043 quas-

160 1038 218 1119 „s
254 1059 320 1101 nere
341 1037 488 1121 potuisse,
524 1037 580 1102 sive
602 1038 677 1121 posse
697 1040 938 1179 quoquomod03
978 1079 999 1111 „
1021 1057 1146 1119 cumque
1176 1031 1347 1114 clausulas,
1390 1037 1438 1103 vel
1477 1038 1679 1113 adjettionei,
1710 1059 1760 1106 aut

110 1121 180 1198 T„
222 1141 357 1182 ecetriens
378 1119 516 1194 irritum,
537 1119 568 1181 δι
589 1118 735 1194 inane,si
769 1140 834 1182 ecus
856 1118 938 1201 super
978 1157 999 1191 „
1022 1117 1152 1192 decreta,
1174 1118 1387 1199 quaeSansiiras
1407 1119 1463 1182 Sua
1483 1140 1537 1201 pro
1557 1119 1689 1204 expresfis
1709 1122 1761 1185 ha-

159 1246 182 1278 „
204 1201 263 1264 illis
284 1217 463 1263 attentatum
474 1197 566 1262 sorsart
578 1218 639 1262 erat
649 1218 742 1282 tunc,
763 1200 810 1267 vel
833 1201 863 1262 in
885 1220 937 1281 po·
978 1239 1000 1271 „
1023 1196 1091 1261 beri·
1105 1198 1202 1262 voluit
1225 1199 1253 1261 in
1274 1198 1423 1280 quibusvis
1445 1198 1641 1283 Apostolicis,
1666 1201 1757 1266 etiarn

158 1325 179 1360 ,‚
202 1283 308 1346 ilerum
330 1280 512 1364 contingeret
532 1280 691 1345 attentari.
979 1319 1001 1353 „
1021 1298 1085 1421 qua
1107 1298 1192 1342 motu
1214 1279 1357 1362 proptio,
1379 1296 1430 1343 aut
1452 1302 1486 1344 ex
1507 1297 1586 1344 certa
1606 1281 1754 1359 scientia,

979 1400 999 1433 „
1073 1359 1302 1423 consistorialiter
1332 1362 1522 1456 processerunt
1548 1363 1623 1436 ,qu
1644 1384 1760 1427 emana-

157 1444 345 1510 Rrvrrlr'dario
360 1446 531 1509 Litterarum
541 1442 940 1524 PraedecefforirGrariae,ves
979 1480 1000 1515 „
1022 1459 1116 1514 runt,
1136 1440 1279 1516 Litteris,
1303 1442 1415 1505 etiamsi
1437 1441 1466 1502 itt
1489 1441 1530 1504 eis
1550 1439 1698 1507 decretum
1720 1444 1759 1508 es-

262 1529 384 1609 ]r'rjlr'rt'ae
403 1530 480 1605 infra
502 1549 605 1591 annum
627 1527 827 1606 conceffirrum.
980 1563 1001 1596 „
1025 1519 1065 1585 set
1089 1520 1153 1584 illas
1174 1544 1208 1585 ert
1230 1540 1300 1586 tunc
1321 1521 1451 1587 effesium
1473 1519 1589 1588 sortitas
1609 1525 1678 1601 esse,
1709 1544 1760 1589 aut

980 1644 1000 1678 „
1021 1603 1074 1673 Jus
1101 1603 1250 1681 quaefitum
1283 1601 1343 1668 sore
1372 1602 1595 1684 quomodolibet
1622 1622 1761 1671 contenta

202 1687 277 1752 ΧΙΙ.
308 1735 328 1767 ,,
360 1689 437 1756 Item
460 1687 608 1774 peaedisius
630 1689 670 1752 D.
693 1694 736 1756 Ν,
758 1709 887 1765 ornnes,
909 1692 940 1754 &
980 1727 1001 1758 „
1024 1681 1156 1746 adversus
1177 1683 1412 1760 revocationem,
1434 1683 1465 1746 dt
1487 1684 1683 1749 irritationem
1706 1688 1757 1752 liu-

158 1813 180 1849 „
205 1767 329 1852 singutas
348 1796 367 1836 a
387 1772 621 1836 clemenrexrr.
644 1773 784 1835 Romano
798 1771 940 1835 Pontifice
980 1807 1000 1841 ‚2
1021 1763 1146 1838 jusmodi
1156 1809 1170 1858 ‚0
1188 1763 1285 1858 voluit
1306 1764 1492 1847 aliquatenus
1511 1763 1656 1847 suflragari
1680 1790 1689 1840 3
1709 1768 1757 1833 de-

155 1896 177 1932 ,‚
199 1852 402 1915 Praedecessore
423 1852 473 1915 suo
485 1851 559 1914 insta
568 1874 675 1915 annum
699 1871 765 1916 ante
783 1853 860 1916 diem
872 1855 942 1926 'ejus
972 1867 1002 1922 ¹„
1023 1865 1141 1909 cernent
1163 1863 1279 1909 ursitum
1300 1846 1358 1908 &c-

155 1976 177 2011 „
199 1931 299 1995 obitus
320 1934 460 1997 concessas
481 1933 614 2009 Gratia,
636 1932 684 1997 vel
706 1934 719 2007 J
725 1933 825 1996 uslitiar
845 1932 939 1997 Litte-

157 2057 179 2091 „
200 2032 248 2075 ras
268 2015 450 2095 temporibus
471 2014 577 2078 debitis
597 2034 695 2077 earum
708 2013 936 2092 Erecutoribus,
1010 2009 1163 2073 Reuucutr'u
1176 2008 1355 2089 facultatum
1374 2007 1521 2092 quibusvis
1540 2012 1736 2094 conceffarem.

157 2138 179 2173 ,‚
201 2092 248 2157 seu
268 2093 417 2164 Judicibus
438 2115 498 2158 non
519 2093 701 2177 presentatus
721 2095 842 2160 omnino
855 2116 935 2161 reva-

158 2219 179 2253 ‚,
204 2174 326 2252 lidavit,
349 2175 419 2238 &in
441 2177 545 2240 siarum
568 2177 740 2260 pristinum,
763 2174 792 2239 in
813 2198 875 2261 quo
889 2177 934 2241 vi·
1016 2174 1103 2238 XIV.
1124 2213 1146 2250 „
1167 2174 1246 2237 item
1268 2171 1419 2240 revocavit
1470 2171 1583 2239 uascunr
1607 2196 1640 2239 ue
1671 2171 1759 2238 facul-

154 2301 176 2335 ,,
199 2254 303 2319 delicet
325 2275 411 2321 antea
431 2255 563 2334 suerent,
585 2258 632 2322 vel
654 2281 708 2342 pro
729 2258 833 2341 quibus
853 2277 935 2324 erant
975 2299 996 2333 „
1020 2271 1095 2319 tates
1117 2254 1257 2318 concessas
1289 2193 1664 2349 quibusvisbaniirclis,
1698 2258 1756 2318 Ar·

153 2382 175 2415 „
197 2336 342 2415 obtenta,
372 2337 469 2422 quoad
490 2339 546 2401 hoc
567 2339 695 2422 plenarie
715 2339 870 2416 reliituit,
901 2362 934 2404 ac
976 2380 997 2413 „
1019 2336 1083 2401 thie
1105 2334 1227 2419 iscopis‚
1250 2336 1424 2422 Episcopis,
1457 2338 1488 2401 δι
1509 2337 1573 2399 aliis
1595 2337 1754 2412 Praelatis,

155 2415 330 2494 „decrevit
352 2418 609 2502 perEirecutores,
632 2419 812 2492 sediudices
833 2422 933 2504 praedi·
976 2462 1000 2495 „
1023 2419 1054 2481 δι
1077 2357 1229 2492 serlonis,
1252 2437 1363 2481 necnon
1387 2419 1562 2502 Apostolicae
1583 2417 1661 2482 Sedis
1670 2418 1755 2480 Nun-

157 2538 178 2572 „
201 2497 280 2570 sios,
303 2499 349 2563 vel
371 2500 408 2562 ab
429 2500 471 2562 eis
489 2498 710 2581 subdelegandos
731 2502 937 2585 adexpeditio·
979 2541 999 2577 „
1022 2498 1092 2576 ciis,
1116 2498 1332 2575 astructioni,
1356 2500 1603 2584 &proventuum
1626 2500 1757 2563 Camerae

159 2594 269 2650 „nem
292 2578 477 2657 negotiorum
497 2581 526 2642 in
548 2582 590 2644 eis
610 2601 816 2646 contentorum
838 2604 936 2666 proce·
978 2581 1051 2657 „A
1095 2580 1199 2644 stolicae
1232 2579 1396 2646 debitorum
1432 2579 1673 2658 Collesioribus’,
1718 2579 1754 2642 de

157 2696 179 2732 „
201 2653 230 2715 di
251 2658 345 2740 posse,
368 2659 399 2718 ἃ
419 2659 521 2723 debere
540 2664 622 2733 juxta
644 2663 759 2728 illarum
781 2662 926 2749 sormam,
976 2704 998 2737 „
1021 2662 1050 2726 di
1064 2660 1209 2743 pensando
1239 2682 1306 2725 curn
1335 2661 1484 2743 quibusvis
1515 2661 1645 2727 Personis
1675 2659 1757 2746 supet

920 2801 924 2810 χ
976 2782 997 2811 ,,
1019 2741 1221 2804 Matrimonio
1242 2741 1410 2818 contrasio,
1433 2742 1480 2806 vel
1502 2741 1699 2808 contrahendo
1720 2742 1752 2805 in

375 2821 527 2881 huncario
547 2822 708 2884 Ueiorum.
926 2815 932 2828 ‘
974 2857 996 2894 „
1018 2816 1109 2897 gradu
1130 2818 1307 2900 prohibito,
1344 2839 1377 2881 ac
1407 2822 1578 2898 natalium,
1610 2822 1641 2884 ἃ
1661 2819 1756 2887 etatis

802 2951 808 2960 .
974 2939 995 2973 „
1018 2895 1205 2973 desesiibus,
1237 2898 1268 2960 δι
1288 2897 1324 2960 de
1347 2898 1584 2983 incompatilibus
1606 2901 1757 2967 Beneficiis

196 2976 288 3044 x111.
310 3021 332 3057 „
355 2979 431 3045 Item
445 2981 666 3047 rationabilibus
675 2976 858 3046 suadentibus
867 3003 933 3047 cau-
974 3017 996 3052 ‚i
1020 2976 1220 3040 Ecclesiasticis
1242 2977 1356 3039 insimul
1379 2981 1554 3058 retinendis,
1586 3003 1697 3047 necnon
1718 2983 1753 3048 de

157 3104 179 3138 „
201 3062 234 3124 sis
256 3059 314 3145 ipse
336 3059 373 3120 D.
386 3062 428 3124 N.
451 3082 555 3124 omnes
575 3062 714 3137 uniones,
737 3062 933 3138 annexiones,
975 3102 996 3137 „
1019 3056 1156 3121 Notariis
1179 3055 1303 3140 publicis
1324 3057 1471 3134 creandis,
1493 3082 1527 3124 ac
1547 3063 1583 3126 de
1603 3063 1753 3146 disponen-

152 3186 172 3219 ‚,
194 3142 456 3226 incorporationes‚
477 3141 698 3225 suppressiones,
722 3129 933 3218 extinsiiones,
974 3183 996 3219 „
1017 3138 1055 3202 do
1076 3136 1302 3230 quomodolibet·
1317 3136 1351 3201 de
1371 3137 1518 3221 quibusvis
1541 3140 1688 3206 Beneficiis
1699 3145 1755 3208 Ec·
1814 3161 1816 3180 ¹

145 3267 176 3299 .„
198 3223 431 3308 applicationes,
462 3223 493 3287 δι
514 3223 810 3301 dismembrationes,
842 3223 933 3288 etiam
975 3267 995 3299 „
1018 3219 1193 3296 clesiaslicis,
1214 3219 1245 3281 u
1264 3217 1336 3281 alias
1356 3237 1374 3279 a
1394 3219 1542 3303 premissis
1554 3222 1664 3286 Officia
1678 3223 1752 3307 ipso·

157 3349 176 3382 „
198 3323 368 3388 perpetuas,
391 3302 425 3368 de
445 3303 595 3384 quibusvis
604 3303 844 3380 Catbedralibus,
866 3326 930 3369 nec·
973 3348 994 3381 „
1017 3321 1080 3366 rum
1092 3302 1296 3376 Nunciotum,
1319 3300 1555 3368 &collectorum
1575 3303 1753 3369 diresienon

81 3441 97 3461 ί,
152 3429 172 3462 ,,
196 3385 341 3468 non‚aliis
363 3383 519 3460 Ecclesiis,
540 3384 747 3460 Monasleriis,
770 3381 931 3467 Dignitati-
973 3426 995 3461 „
1018 3401 1247 3471 concernentes,
1282 3380 1395 3444 etiamsi
1424 3382 1455 3444 in
1485 3383 1609 3450 Litteris
1635 3384 1753 3467 desuper

152 3507 173 3542 „
194 3465 264 3541 bus,
287 3464 518 3541 personatibus,
552 3464 696 3542 Officiis,
730 3464 932 3531 &Beneficiis
972 3510 993 3544 „
1015 3464 1151 3529 confeuis
1173 3465 1227 3527 sint
1247 3460 1390 3526 Clausulas
1410 3464 1619 3544 restitutoriae,
1653 3466 1683 3528 ἃ
1706 3465 1752 3530 de·

154 3588 175 3623 „
200 3547 421 3626 Ecclesiasticis,
453 3568 593 3612 eorumve
614 3547 780 3622 domibus,
810 3550 841 3612 ἃ
861 3568 929 3633 prae·
971 3592 992 3624 „
1015 3545 1228 3628 rogatoriarum
1249 3541 1454 3626 derogatoriae,
1477 3546 1508 3608 dt
1528 3545 1590 3616 alite
1612 3544 1753 3612 efficacio-

152 3669 175 3705 „
195 3626 273 3704 diis,
294 3629 326 3691 di
346 3628 418 3691 locis
439 3650 489 3713 per
498 3630 621 3706 cessum,
644 3628 690 3697 vel
701 3627 861 3707 decessum,
884 3645 934 3694 aut
974 3671 995 3707 ,‚
1018 3648 1079 3703 res,
1101 3646 1172 3708 quas
1192 3646 1246 3711 pro
1267 3623 1399 3709 expressis
1419 3624 1518 3690 haberi
1540 3629 1635 3693 voluit
1656 3628 1752 3711 quoad

151 3751 173 3785 „
195 3708 285 3773 aliam
305 3708 444 3791 quamvis
453 3708 669 3788 dimissionem,
693 3710 931 3777 velanriffionem
973 3751 994 3787 „
1017 3708 1141 3785 omnia,
1174 3706 1204 3768 in
1226 3705 1329 3789 quibus
1350 3705 1502 3772 facultates
1523 3707 1587 3805 ipsa
1606 3731 1665 3771 non
1687 3709 1752 3773 sunt

149 3831 171 3866 ‚,
191 3789 415 3873 qualescumque
435 3790 540 3857 suerint
562 3791 711 3869 invicem,
732 3791 779 3858 vel
799 3791 930 3857 aliisEc·
970 3831 993 3867 „
1016 3787 1124 3852 sortite
1146 3787 1297 3865 ecfertum,
1320 3788 1431 3852 etiamst
1444 3789 1569 3854 Nemetis
1590 3787 1694 3858 eisdem
1709 3788 1751 3851 di-

152 3917 174 3950 „
196 3872 304 3949 clesiis,
327 3868 532 3950 Monasleriis,
555 3874 586 3936 ἃ
608 3875 717 3940 Menfis
738 3872 826 3936 etiam
842 3874 886 3936 Ca
908 3874 929 3935 i·
971 3913 991 3948 „
1013 3869 1064 3933 sie
1084 3869 1163 3933 Sedis
1183 3870 1300 3952 Legatis
1328 3868 1363 3934 de
1384 3869 1488 3934 Latere
1519 3890 1688 3955 competens
1718 3869 1754 3933 fit

152 3998 175 4033 „
196 3953 355 4028 tularibus,
379 3952 600 4048 Dignitatibus,
625 3953 855 4031 Personatibus,
878 3895 931 4020 (bs
973 3995 994 4031 „
1018 3951 1146 4017 concessa
1166 3951 1310 4036 poteslas,
1332 3950 1483 4015 decernens
1504 3951 1622 4018 irritum
1645 3950 1702 4016 &c

148 4079 172 4113 „
193 4033 285 4110 ficiis,
311 4033 480 4112 Beneficiis,
504 4058 537 4099 ac
559 4036 625 4100 aliis
647 4036 706 4100 Piis
728 4035 833 4112 Leuis,
856 4036 930 4099 Uni·

150 4161 174 4195 „
194 4116 379 4182 versitatibus
397 4114 487 4188 etiam
509 4117 664 4193 studiorum
677 4115 874 4197 generalium,
896 4117 928 4180 bt
1024 4119 1178 4180 Revererio
1193 4115 1362 4194 facultatum
1382 4116 1535 4197 conferendi
1555 4113 1693 4193 Benqieiir

147 4243 168 4278 „
191 4196 352 4282 Collegiis,
375 4191 464 4261 etiam
487 4196 518 4261 in
538 4196 667 4263 savorem
691 4198 720 4260 S.
743 4198 781 4260 R.
805 4197 842 4260 E.
855 4199 926 4262 Car·
1277 4199 1434 4279 reservata.

147 4324 173 4357 „
191 4277 358 4354 drnalium,
383 4275 429 4342 seu
452 4277 586 4342 Ecclesris
603 4287 617 4354 ',
650 4278 865 4356 Monasteriis,
897 4280 929 4344 δι
1020 4347 1026 4356 ,
1491 4353 1495 4360 ‚

146 4402 171 4437 „
192 4357 341 4425 Beneficiis
361 4379 481 4443 pereos
500 4361 629 4425 obtentis
648 4358 869 4443 quomodolibet
884 4361 928 4426 Α·
1012 4361 1081 4426 XV.
1102 4399 1123 4439 „·
1145 4359 1224 4428 item
1246 4357 1399 4431 revocavit
1418 4361 1614 4448 quascumque
1632 4360 1752 4426 saculra-

149 4484 172 4518 „
192 4439 354 4523 postolica,
374 4441 420 4507 vel
443 4442 501 4506 alia
520 4441 623 4524 quavis
644 4445 658 4522 (
670 4462 726 4506 non
739 4444 929 4507 tamenCon·
972 4486 993 4520 „
1015 4460 1079 4521 tes,
1101 4444 1271 4510 &Litteras
1291 4445 1410 4528 desuper
1431 4465 1486 4509 con
1515 4445 1590 4519 siae,
1611 4462 1663 4539 per
1680 4462 1755 4525 quas

145 4565 167 4600 „
190 4520 252 4584 ciiii
282 4521 479 4602 Tridentini)
508 4521 678 4587 aussoritate
708 4526 845 4603 (necnon
876 4543 930 4607 pro
971 4563 992 4600 „
1037 4526 1190 4620 uisumque
1211 4525 1479 4591 sniPraedecessores
1527 4542 1626 4588 otnant
1649 4522 1751 4587 Ponti·
1848 4563 1853 4572 x

144 4646 168 4687 ‚2
190 4601 381 4687 fundatione,
404 4602 453 4680 sert
473 4603 649 4689 dotatione,
672 4619 849 4697 augmmto,
882 4604 930 4676 vel
971 4645 993 4686 „
1052 4627 1083 4671 es
1102 4604 1252 4691 quibusvis
1260 4606 1397 4675 Personie
1414 4604 1591 4672 ordinariam
1602 4601 1751 4670 Collatin-

566 4727 574 4742 -
1585 4730 1606 4765 ‚,
1631 4705 1700 4749 iren
