4025 5284
247 83 329 254 quen}
339 79 442 247 ignoto
460 181 553 224 utrum
568 161 709 244 sapiens,
740 181 779 220 art
805 155 907 237 ,llultus
919 157 1035 236 futurus
1073 175 1137 242 cap.
1161 181 1189 238 3.
1209 155 1244 217 de
1267 157 1436 252 Rescriptis.
1460 156 1641 221 Auditorum
1663 173 1767 237 genero
1785 152 1873 222 licet
1907 180 1929 243 3

246 251 314 327 stt,
345 263 373 306 et
392 241 581 308 dominabitur
599 247 629 304 in
648 237 788 301 laboribus
808 244 905 315 nteit,
953 237 1034 301 uibus
1075 241 1129 304 sint
1152 237 1366 321 multiplicia,
1398 241 1464 303 Not
1483 258 1583 303 tamen
1605 237 1653 300 hic
1683 235 1719 297 de
1746 235 1871 302 doubts

251 325 416 410 desudavi,
450 345 477 389 et
491 326 631 407 sollicitus
657 319 708 396 fui
719 363 729 396 ,
760 318 852 410 ‘iffi
879 263 1032 402 quidquam
1072 320 1300 396 tantummodo,
1330 320 1435 400 quibas
1455 318 1707 405 principaliores,
1737 316 1771 379 dt
1791 318 1867 379 uni·

251 429 314 474 tam
335 407 462 472 netum?
481 407 532 466 Aa
550 399 678 464 Timotb.
700 400 730 459 ⁶.
751 397 881 472 ‹licitur3
899 405 965 489 Qui
982 427 1032 463 vo
1073 399 1240 466 vetsdiotet
1259 401 1355 466 aaliz
1375 418 1547 485 competunt
1578 402 1609 462 in
1630 397 1723 463 Curia
1744 398 1869 461 Roma-

252 495 313 559 lunt
333 491 442 552 divites
454 483 524 560 fieri
543 479 671 545 incidunt
691 481 932 558 intentationem,
951 501 980 543 et
999 487 1030 546 e'n
1069 504 1126 559 na,
1149 504 1290 568 agemon
1310 482 1452 547 videlicet
1471 482 1507 546 de
1526 481 1671 547 Auditore
1690 481 1829 544 eene:
1855 522 1870 557 ,

251 577 380 660 laqueum
398 563 534 638 Diaboli,
570 578 599 622 rt
616 559 753 638 destairia
772 562 863 625 multa
881 564 998 629 inutilia
1017 597 1032 642 ,·
1071 564 1103 628 ἃ
1121 565 1157 627 de
1182 563 1375 630 Auditoribut
1397 566 1506 627 Rotae.

252 673 280 718 et
300 653 419 724 nociva,
440 668 499 728 que
518 661 643 728 mergent
662 639 785 706 horines
804 645 835 708 in
854 648 1028 721 interitum,
1113 645 1244 710 Auditor
1263 647 1395 709 Cametae
1416 644 1503 709 babet
1523 643 1757 718 Jutisdiffionem
1778 642 1869 708 ordi·
1895 673 1926 730 4

251 753 278 798 et
294 731 502 816 perditionem.
534 728 633 788 Radit
651 728 726 788 enirn
754 729 878 789 omniurn
900 730 1035 791 malorum
1074 726 1210 804 nariam,
1240 747 1304 810 qoae
1324 747 1376 812 per
1394 725 1509 791 obitum
1532 728 1616 811 Papo
1636 747 1694 790 non
1715 725 1870 811 expirat3

157 823 163 838 '
250 813 287 894 rll
307 811 464 899 cupiditas.
495 807 537 872 Et
558 808 660 885 Ettlrs.
686 827 733 870 ιο.
755 806 904 872 habetur:
933 815 1033 872 Auara
1070 809 1169 873 Tenet
1189 808 1289 873 Glolie
1308 811 1338 873 in
1356 809 1533 873 Clementina
1551 815 1597 873 M
1614 812 1735 872 Romanii
1754 828 1816 894 cap.
1832 832 1869 875 2.

252 893 328 961 nihil
345 895 382 976 eti
396 887 551 973 scelestius,
573 887 648 954 nibil
665 885 850 971 elliniquiut,
880 912 1032 954 tramenta·
1072 891 1267 968 §.toramen
1280 893 1409 974 provissr,
1430 889 1509 953 verb.
1531 914 1564 953 ex
1582 896 1671 966 itare,
1693 890 1725 954 dt
1745 912 1777 954 ex
1800 890 1868 955 res·

251 1000 281 1042 rt
296 979 463 1062 pecuniam,
492 970 541 1035 hie
558 975 634 1034 enim
655 989 683 1030 et
701 974 827 1033 animant
859 995 925 1034 uam
944 997 1032 1036 vena·
1074 969 1102 1035 se
1122 972 1244 1037 habetur
1265 972 1296 1034 in
1316 972 1476 1036 Conditor.
1499 910 1581 1035 Piii

254 1063 309 1122 lem
329 1058 431 1122 babet.
454 1051 614 1138 Adprefi
631 1075 658 1132 ς.
681 1051 716 1114 stc
740 1049 836 1115 scribit
848 1054 1031 1138 Apostolus:
1071 1056 1135 1115 mie
1156 1056 1186 1129 §.
1212 1073 1239 1132 5.
1262 1053 1323 1117 ibi:
1356 1057 1422 1116 Tua
1440 1053 1582 1117 ordinaria
1601 1054 1762 1117 moenem
1783 1081 1797 1130 ,⁰
1827 1056 1867 1119 δι

253 1145 315 1206 Hoc
333 1143 406 1204 enirn
421 1139 524 1219 scitote
542 1134 741 1220 intelligentes,
761 1131 835 1215 quad
852 1139 942 1197 omnis
962 1159 1035 1197 ava·
1077 1134 1108 1195 in
1128 1132 1188 1196 alie
1207 1134 1294 1196 simili
1314 1135 1396 1197 Pauli
1408 1137 1448 1197 V.
1472 1134 1692 1220 incipientia
1711 1139 1782 1219 §.7.
1805 1136 1865 1200 nbi

253 1247 302 1288 rus
321 1247 372 1287 nott
392 1217 477 1282 babet
497 1216 682 1281 hereditatem
699 1221 730 1278 in
752 1219 797 1276 Re
813 1239 847 1278 nt
865 1214 987 1295 Cbrejle',
1009 1231 1037 1278 et
1077 1231 1248 1297 repetuntur
1267 1214 1367 1279 eadem
1388 1214 1496 1291 verbe,
1519 1223 1586 1279 Tua
1606 1217 1746 1281 ordinaria
1764 1217 1867 1281 oete

254 1308 312 1370 Dei
322 1349 330 1367 .
349 1299 467 1366 Martii.
493 1321 541 1379 19.
563 1299 599 1363 stc
620 1297 691 1362 dicit
712 1293 770 1379 ipse
790 1242 869 1369 iesus
881 1295 1035 1360 Chrislos:
1077 1301 1160 1358 ritate
1169 1323 1182 1372 ;
1205 1297 1246 1361 Et
1267 1314 1443 1380 propterea,
1465 1315 1499 1361 ut
1519 1297 1651 1365 observat
1673 1301 1804 1384 Pugnan.
1829 1305 1868 1364 ite

255 1379 556 1456 emollientes,
586 1384 656 1463 quia
674 1378 757 1440 dives
775 1378 894 1456 difficile
912 1377 1038 1442 intrabit
1076 1397 1137 1464 cap.
1160 1385 1234 1442 Cum
1254 1379 1339 1455 olim,
1360 1379 1395 1440 de
1416 1380 1538 1461 majorit.
1560 1400 1589 1442 et
1608 1381 1697 1445 obed.
1719 1404 1868 1463 ntttn.7t.

258 1472 289 1534 in
308 1471 436 1548 Regnum
456 1464 593 1528 colorum
604 1487 618 1536 ,·
633 1461 754 1540 sutilius
772 1459 809 1539 esi
820 1461 969 1524 carnelum
984 1481 1037 1548 per
1078 1461 1108 1523 in
1138 1459 1195 1525 suis
1216 1459 1338 1524 Litteris
1368 1459 1479 1545 semper
1508 1460 1701 1540 inscribitur,
1731 1471 1867 1528 Catone

251 1553 377 1632 foramen
396 1569 462 1610 atus
482 1543 615 1622 transire,
635 1564 719 1623 quant
738 1539 861 1606 divitem
881 1545 984 1607 intrare
1002 1548 1037 1608 itt
1075 1542 1231 1626 Apollolicae
1251 1543 1394 1606 Generalis
1413 1543 1559 1623 Auditor,
1590 1551 1773 1628 Romaneque
1800 1554 1867 1610 Cu·

260 1637 389 1718 Regnum
408 1628 564 1702 Colonum,
585 1626 617 1690 dt
637 1622 672 1686 de
693 1619 787 1697 sueto,
809 1641 843 1686 ut
864 1622 1035 1690 diciturlso
1075 1629 1122 1688 rie
1158 1627 1231 1688 udett
1252 1625 1437 1689 ordinarius.
1471 1626 1556 1690 Unde
1577 1626 1707 1692 Auditor
1726 1630 1864 1693 &merse
1889 1648 1908 1710 5

255 1738 294 1780 ee
318 1717 364 1777 ιό.
387 1715 515 1772 Mortuus
533 1706 571 1786 eli
587 1703 685 1778 diver,
706 1720 740 1797 et·
749 1704 876 1799 sepultus
895 1706 931 1786 eli
948 1710 979 1769 in
989 1710 1036 1768 sn·
1076 1631 1225 1800 eliiudex
1255 1706 1417 1800 ordinarius
1446 1707 1677 1791 appellationum
1706 1708 1862 1774 nlenten·
1916 1735 1921 1744 ·

251 1799 356 1878 [ηιμ
376 1787 526 1858 &Metu
550 1809 598 1869 25.
620 1782 761 1849 sententia
779 1783 875 1848 linaiis
895 1786 1032 1871 reprobo-
1073 1805 1123 1848 tus
1144 1805 1196 1869 per
1215 1785 1389 1853 ordinarios
1407 1786 1502 1862 latis,
1532 1789 1624 1858 etiam
1646 1806 1729 1854 extra
1747 1792 1861 1855 statum

255 1898 322 1944 rum
343 1871 499 1957 adunetur
518 1869 564 1934 itit
583 1866 696 1933 verbis:
716 1867 892 1946 Disceditea
910 1894 955 1932 nee
972 1893 1031 1931 ma-
1074 1866 1321 1944 Ecclefialiicum3
1343 1867 1473 1933 Pautv.
1487 1868 1626 1935 inconst.
1637 1870 1726 1955 incip.
1738 1875 1865 1937 Eximit

255 1955 356 2023 ledilii
375 1958 406 2018 in
424 1958 438 2016 i
455 1975 517 2016 nent
535 1972 682 2025 nemun,
703 1951 814 2028 esurivi
833 1953 930 2030 enim,
951 1969 1040 2014 etnon
1073 1947 1229 2028 fidelitatis
1246 1951 1276 2028 §.
1292 1971 1339 2013 ιο.
1360 1951 1456 2015 Potest
1499 1952 1628 2018 rocederc
1659 1971 1760 2018 contra
1781 1953 1861 2039 Epi·

258 2038 371 2119 dedissit
389 1977 462 2099 mibi
469 2031 650 2106 manducate,
670 2028 832 2110 nudusfui,
853 2052 882 2093 et
908 2059 962 2097 non
982 2056 1039 2097 cro
1080 2031 1182 2129 scopos
1202 2051 1262 2095 non
1283 2030 1434 2097 residentes
1484 2054 1540 2115 que
1562 2036 1599 2098 nd
1620 2032 1786 2099 sententiam
1807 2036 1862 2099 de·

254 2120 377 2208 periillis
392 2141 456 2193 me,
478 2135 532 2178 rte.
554 2111 715 2177 Refletunt
756 2110 828 2176 uoeso
849 2114 955 2181 divites
974 2135 1042 2182 ava·
1084 2113 1232 2180 finttivam
1254 2111 1414 2178 exclusive.
1437 2114 1506 2180 Pius
1516 2117 1572 2179 1V.
1593 2116 1622 2179 in
1633 2116 1754 2181 Conslit.
1766 2119 1863 2213 incip.

261 2205 305 2280 ri,
328 2200 408 2287 quod
427 2199 580 2278 relinquent
599 2195 697 2258 alienis
739 2198 841 2259 evitiar
854 2201 939 2281 suas,
962 2198 1042 2279 Psal.
1081 2203 1157 2260 Cutn
1177 2214 1237 2256 tam
1254 2194 1462 2276 sacrosansiuttt
1473 2222 1487 2270 ‚·
1509 2197 1540 2260 δι
1560 2198 1692 2262 Urbantu
1711 2199 1805 2262 vul.
1829 2217 1862 2261 ιιι

260 2286 398 2364 48.num.
414 2278 504 2343 ru&
531 2276 588 2353 stc,
610 2277 734 2339 Divitia
739 2274 766 2353 fi
787 2280 927 2358 affluant,
950 2283 1041 2343 nolint
1080 2278 1181 2341 Consi.
1202 2275 1292 2359 incip.
1315 2277 1420 2339 Sansla
1439 2279 1579 2360 synodus.
1611 2282 1712 2344 Immo
1732 2280 1902 2345 Auditorb

261 2361 399 2446 (nolite)
420 2381 466 2422 cor
484 2374 642 2441 apponere,
673 2356 752 2438 Psal.
765 2361 813 2421 61.
834 2384 909 2424 num.
925 2381 971 2423 ιι.
994 2359 1041 2426 sed
1079 2359 1211 2422 Camerae
1241 2357 1329 2422 habet
1357 2359 1521 2500 peneralem
1552 2359 1721 2425 facultatem
1757 2381 1857 2446 proce·

1575 975 1613 1036 V.
1635 972 1725 1054 incip.
1797 978 1865 1038 exi.

257 2448 340 2522 iture
360 2439 507 2505 monitum
529 2438 690 2504 Salvatotis
711 2436 799 2501 nostri
818 2441 929 2506 olatsh.
941 2449 1037 2524 5.No·
1078 2439 1164 2504 dendi
1184 2455 1286 2504 contra
1295 2439 1354 2536 Epi
1367 2460 1456 2525 copos
1478 2443 1509 2506 in
1529 2441 1697 2526 quibuscum
1721 2466 1756 2507 ue
1775 2441 1857 2508 caus-

256 2527 311 2590 lite
329 2520 518 2606 thesaurizate
536 2519 619 2583 vobis
636 2519 775 2600 thesestaot
793 2525 827 2586 in
855 2541 957 2600 terra,
988 2524 1041 2587 ubi
1079 2521 1223 2586 suetiam
1244 2521 1440 2603 gravioribus,
1476 2523 1580 2606 eosque
1595 2465 1731 2608 pntenii
1748 2523 1857 2607 abmue

256 2629 372 2754 tte
399 2625 432 2746 t
443 2602 1039 2763 ,ordineordme
1077 2601 1194 2764 stet
1210 2600 1521 2766 tituletis*
1555 2608 1678 2768 test?
1707 2628 1758 2750 n
1780 2606 1855 2750 ‘et

256 2726 396 2848 tbtstttt’tt
413 2768 445 2828 itt
466 2765 564 2838 Coeltt
583 2759 637 2823 “bs
656 2783 705 2823 m
722 2781 776 2822 m
795 2787 828 2839 θ,
861 2788 945 2849 neque
965 2770 1041 2831 tinea
1080 2764 1170 2849 prelia
1189 2766 1252 2849 poll
1271 2765 1429 2849 praliicrtm
1450 2765 1563 2830 Salustii
1582 2766 1695 2830 Tiberii
1725 2772 1756 2829 in
1772 2771 1858 2851 prem

255 2846 426 2921 demolitur,
447 2862 475 2907 tt
494 2842 549 2939 ubi
558 2843 636 2938 sures
664 2863 750 2905 nont
773 2842 897 2939 odunt,
927 2871 976 2910 nec
990 2850 1040 2926 fu·
1079 2848 1110 2924 §.
1137 2867 1184 2908 tt.
1207 2845 1239 2908 δι
1258 2868 1293 2912 ex
1315 2845 1374 2909 alia
1393 2846 1477 2911 Pauli
1498 2848 1538 2912 V.
1562 2848 1652 2932 incip.
1674 2851 1794 2910 Erimiae
1820 2846 1859 2923 li·

255 2949 372 3006 eantur,
394 2928 437 2992 ’δι
457 2941 491 2989 ut
510 2925 583 3008 ulter
600 2942 764 2987 innumeras
782 2924 946 3000 huiusmodi
967 2930 1041 2992 Scri·
1081 2925 1209 2988 deliratis
1228 2928 1258 3004 §.
1284 2946 1331 2990 12.
1351 2945 1380 2990 et
1404 2951 1449 3011 13.
1472 2930 1504 2993 in
1524 2929 1629 3011 quibus
1650 2929 1781 2994 Auditor
1801 2929 1858 2992 Ce-

280 3029 357 3076 tursu
377 3007 538 3084 omittam,
559 3003 593 3066 fit
614 3021 668 3086 pro
687 3004 904 3099 complemento
924 3030 1039 3106 prave,
1082 3028 1168 3071 merae
1196 3005 1359 3074 declaratur
1384 3009 1476 3082 ludex
1506 3010 1678 3075 ordinarius
1720 3031 1858 3093 quorun·

257 3032 384 3157 istorio
405 3085 607 3181 refledendum
628 3099 774 3147 monitum
786 3084 935 3159 D.Jacobt
951 3093 1036 3173 Apo·
1079 3110 1146 3155 cum
1169 3110 1204 3153 ue
1217 3088 1405 3155 Praelarorum
1428 3114 1509 3155 erem
1532 3110 1650 3170 torum,
1673 3093 1765 3156 etiam
1775 3088 1859 3176 Epis-

255 3170 322 3237 stoli
345 3170 374 3232 in
395 3168 445 3233 suo
466 3164 596 3252 Epistola
616 3181 678 3262 cap.
701 3169 824 3310 pespitr
844 3193 915 3234 nunc
932 3171 1040 3236 divites
1079 3109 1195 3269 copaii,
1217 3170 1326 3236 Archie
1348 3170 1485 3256 iscopali,
1508 3111 1696 3249 itimatiali,
1727 3174 1774 3239 vel
1794 3194 1858 3236 ma·

258 3254 290 3318 in
308 3251 449 3333 miseriis,
469 3271 530 3332 que
547 3245 700 3311 aevmnn
718 3271 756 3309 vo
774 3252 821 3313 is.
1076 3254 1135 3331 jort
1156 3251 1310 3334 Dignitate
1393 3254 1525 3319 leiustica
1545 3255 1734 3340 proditorum
1754 3300 1763 3333 ,
1790 3272 1857 3326 tam

201 3359 240 3422 ¹7
300 3335 418 3397 Avarus
436 3331 475 3396 est
495 3326 578 3394 bursa
600 3326 785 3474 Principum,
816 3331 957 3418 cupierint
977 3335 1034 3399 La·
1076 3353 1127 3419 per
1147 3331 1377 3412 accusationem,
1399 3357 1487 3420 quam
1508 3336 1780 3415 denunciationem,
1813 3337 1858 3398 in-

258 3431 398 3490 tronum,
422 3412 485 3476 tire
494 3413 668 3484 Parentum,
743 3411 838 3478 obitus
859 3415 1036 3492 hominum
1076 3415 1295 3499 stigationem,
1327 3418 1358 3482 δι
1379 3415 1623 3500 inquisitionem,
1654 3419 1685 3480 in
1706 3417 1773 3482 casu
1792 3438 1855 3482 om·

256 3497 287 3559 S.
309 3494 510 3579 Hieronymus
538 3490 616 3576 apud
637 3489 770 3568 Urseium
799 3499 830 3560 in
856 3498 1037 3579 dussellum
1078 3498 1184 3575 nium,
1208 3498 1239 3560 δι
1259 3497 1456 3581 fingulontm,
1478 3521 1512 3564 ac
1533 3520 1803 3583 quorumcumque,
1825 3499 1855 3562 &

254 3580 346 3662 primo
364 3577 424 3638 litt.
445 3579 485 3639 A.
506 3592 664 3656 ntor-305.
1103 3597 1350 3664 uantumcumque
1370 3580 1535 3646 enormium
1568 3581 1754 3657 criminum,
1786 3578 1854 3645 deii·

310 3665 314 3672 “
1129 3683 1193 3725 tum
1217 3707 1227 3738 ,
1257 3663 1288 3725 ἃ
1309 3662 1467 3727 excelsuum
1487 3680 1550 3727 tam
1574 3663 1605 3726 in
1626 3663 1735 3740 Urbe,
1766 3682 1854 3745 quam

1079 3763 1161 3810 extra
1179 3744 1427 3841 commissorum,
1459 3766 1524 3842 nec·
1540 3765 1601 3810 non
1631 3744 1728 3830 quoad
1757 3763 1855 3838 poeuue

394 3871 613 3952 tuoto.
634 3873 896 3944 tonsores·
1079 3826 1246 3972 ‘ternu'
1260 3824 1889 3984 ..eleuetsortesorte.

1120 3988 1249 4053 onitorie
1267 4007 1370 4055 contra
1389 3988 1549 4074 Episcopus
1573 3990 1609 4054 ad
1629 4010 1695 4065 com
1737 3988 1851 4054 rendum

1077 4068 1266 4156 personaliter
1285 4093 1345 4136 non
1366 4071 1418 4134 nist
1438 4072 1546 4154 praevia
1566 4073 1677 4137 commi
1702 4094 1767 4137 eone
1795 4090 1854 4134 ma·

224 4169 238 4211 1
336 4148 493 4227 Udiroret,
515 4165 548 4213 ut
567 4148 627 4224 lic,
653 4147 715 4234 sunt
736 4150 808 4230 illi,
841 4151 1035 4236 quibuscum
1076 4174 1118 4217 nu
1140 4152 1225 4237 Papae
1245 4153 1354 4249 lippata
1374 4152 1539 4228 decumam
1574 4170 1608 4218 ut
1629 4179 1663 4221 ex
1686 4157 1754 4221 resse
1774 4173 1853 4217 cave·

358 4229 547 4294 demandatur
565 4231 688 4298 caussam
699 4232 851 4309 audiendi,
872 4234 904 4297 δι
925 4234 1036 4298 erami-
1077 4232 1177 4298 turin
1197 4233 1644 4314 citattsconsiitutionibus3&
1664 4175 1700 4301 ite
1722 4236 1777 4299 liat
1798 4233 1849 4299 cit·

261 4309 370 4384 nendi,
391 4333 415 4373 c.
435 4315 519 4394 Super
537 4311 723 4398 Quaslionunt
744 4335 799 4378 ert.
823 4336 871 4394 ²7·
895 4317 925 4394 §.
947 4319 1034 4379 inten·
1077 4336 1171 4391 rum,
1202 4316 1282 4398 quod
1303 4317 1448 4400 ignarum
1470 4318 1553 4401 Paper
1583 4339 1641 4383 non
1662 4318 1849 4403 teqttirmur,

226 4395 364 4468 trionis,
386 4391 421 4454 dr
442 4392 523 4471 offic.
544 4411 571 4453 er
586 4396 680 4476 potest.
693 4396 767 4541 ¹pud.
788 4397 939 4476 Delegati.
961 4398 1034 4461 Non
1076 4396 1129 4459 nist
1150 4395 1180 4459 in
1202 4396 1269 4461 casu
1289 4397 1379 4461 illos
1411 4397 1496 4474 ciali,
1518 4420 1587 4464 cum
1610 4398 1781 4464 Munitoria
1810 4397 1850 4460 de

258 4491 357 4539 temen
421 4473 493 4538 siunt
515 4471 629 4540 causam
658 4475 808 4553 deuito,
839 4477 892 4542 nist
922 4478 1034 4562 delega-
1074 4496 1232 4542 cemtmtut
1252 4478 1288 4542 ad

259 4571 323 4620 tom
343 4553 381 4621 ha
454 4572 467 4622 t
497 4553 698 4634 facultatum
731 4562 866 4628 cenent.
885 4562 1040 4638 Auditor,
1080 4558 1170 4626 etiam
1190 4560 1290 4630 statuit

1311 4480 1509 4626 lperonnliter
1537 4481 1795 4566 competendum,
1824 4493 1851 4539 ot

1335 4560 1380 4627 ius
1401 4562 1459 4628 tv.
1482 4563 1607 4638 Cottiiit.
1629 4563 1719 4652 ὶῃςὶρ.
1740 4562 1846 4706 Diserti*
