4025 5284
465 127 1287 211 nuosrouus.
1540 167 1621 246 „7

90 257 107 302 s
138 258 256 304 novo
276 240 441 312 frumento,
460 237 564 301 &uva
585 259 604 300 u
626 255 753 321 portuno
775 233 847 304 teln-
889 238 1005 323 adigat,
1037 255 1141 319 nempe
1161 238 1239 318 quod
1261 237 1327 320 plns
1345 235 1448 316 lucri,
1483 246 1514 309 ἃ
1534 253 1671 323 „primis

119 365 129 381 .
176 321 337 386 Praeterea
360 317 474 381 licitum
507 337 565 380 nun
586 258 643 380 elo
664 317 743 380 aliud
762 318 847 414 quip-
889 320 964 394 his,
994 317 1045 399 qui
1067 317 1127 378 illic
1148 318 1297 381 constituti
1325 317 1409 394 fine,
1440 326 1530 389 verbo
1551 333 1670 413 pietati,

90 421 103 462 t
131 401 322 466 admovere
352 401 388 463 ad
411 398 547 473 Alture,
577 419 667 481 quam
697 397 794 461 oleum
816 421 846 460 tn
888 400 1017 462 conserte
1038 395 1151 479 poslrt:
1181 397 1348 480 nequehuc
1370 418 1506 466 tamena
1529 406 1556 470 se
1578 414 1667 494 ipso,

90 481 282 595 delabgum
301 526 311 560 ,
332 481 364 545 ἃ
386 477 563 555 incensum,
593 478 751 543 oblationis
771 496 844 543 tem·
887 478 942 574 sed·
957 479 1119 572 multotum
1131 477 1342 561 Episcoporurn
1363 481 1491 560 judicio,
1516 486 1669 559 &exhor-

104 604 114 620 .
888 575 1001 623 tattone
1024 578 1174 620 maxima.

90 641 129 727 {-
149 563 333 708 (()m)nium
363 643 487 707 aliorum
560 662 673 704 motum
708 640 847 724 primitie
927 640 1016 701 XIV.
1038 638 1067 699 Si
1089 637 1156 717 quis
1176 639 1347 728 Presbyter,
1368 658 1420 704 aut
1432 642 1595 726 Diaconos,
1618 674 1669 722 aut

91 739 233 802 colas),
261 727 292 788 δι
314 724 491 806 Presbyteris
542 741 642 786 outrnu
665 722 845 797 mittuntur,
886 719 1062 800 quicumque
1084 718 1201 811 tandem
1222 720 1257 783 de
1277 720 1460 785 Clericurum
1491 727 1664 810 consortio,

121 797 165 864 su
195 825 239 867 er
261 804 391 868 Altare·
428 801 616 866 Manifestum
647 804 686 864 ert
714 820 843 876 autem,
885 800 985 863 relisia
994 797 1137 861 Perochra
1159 796 1225 874 sua,
1257 800 1288 860 in
1309 800 1399 863 aliem
1420 807 1615 885 concesserit,
1638 816 1668 876 &

90 880 107 942 1
222 883 364 967 iscopus,
395 884 607 965 &Presbyteri
640 883 715 945 inter
736 882 841 945 Diaco·
883 881 1005 944 omnino
1025 875 1282 971 transmigratione
1303 878 1378 943 farra
1398 901 1503 1024 prater
1532 888 1667 956 volunta.

89 1005 98 1036 ,
130 964 175 1026 δι
196 965 337 1048 τείἱφιοε
352 963 488 1028 Clericus
509 985 554 1026 eas
574 960 731 1027 dividunt.
882 979 943 1024 tem
965 956 1167 1040 suiEprscopt
1189 960 1219 1019 in
1240 958 1299 1021 alia
1312 961 1402 1038 Paros
1423 964 1453 1026 ia
1474 984 1587 1031 moram
1609 988 1665 1038 tra.

89 1045 118 1105 I.
150 1043 352 1129 Episcopus,
374 1062 425 1107 aut
447 1045 531 1107 Presb
552 1060 614 1118 ter,
636 1042 844 1107 autDiacunus
883 1042 977 1115 xetit,
1000 1039 1076 1101 bunc
1097 1037 1255 1113 iubemus,
1287 1060 1323 1103 ne
1343 1061 1431 1134 porro
1454 1045 1484 1107 in
1505 1045 1665 1119 mirrislerin

89 1144 189 1186 trem
220 1125 301 1189 suam
335 1142 473 1208 pretextu
493 1068 654 1206 Religionis
682 1145 743 1187 nun
760 1124 843 1208 'abji-
884 1120 1000 1217 publico
1033 1120 1068 1182 srt
1098 1117 1257 1195 Ecclesia,
1296 1121 1424 1184 maxime
1458 1125 1478 1185 sr
1507 1128 1666 1199 accersente

89 1227 122 1277 ν,
164 1206 192 1267 si
220 1205 357 1281 abjicit,
390 1204 549 1286 segregator
569 1226 587 1266 a
607 1202 845 1277 communione,
886 1202 977 1284 rpsum
1000 1198 1148 1343 Episcopo
1169 1202 1228 1282 ejus
1249 1199 1340 1263 redire
1370 1205 1572 1280 cbutemnur3
1601 1231 1665 1292 per.

89 1283 293 1361 erseverat,
315 1285 489 1369 deponitor.
886 1281 967 1346 verso
988 1281 1049 1343 illic
1070 1303 1104 1345 ur
1125 1282 1170 1342 ine
1191 1277 1400 1362 perseverans,
1434 1301 1467 1346 ut
1487 1284 1591 1348 Laicus
1622 1309 1665 1355 ta.

89 1368 145 1430 II.
186 1364 372 1450 Episcopus,
395 1382 445 1430 aut
466 1366 635 1447 Presbyter,
666 1382 719 1428 aur
740 1363 846 1426 Diacu
891 1383 977 1439 men,
998 1362 1039 1424 ibi
1062 1363 1216 1426 laicorum
1238 1361 1268 1423 iu
1289 1362 1528 1427 communionem
1557 1366 1663 1437 admit.

89 1494 91 1503 .
120 1448 288 1515 saeculares
308 1466 388 1510 curas
406 1466 464 1508 non
474 1445 632 1529 suscipito,
656 1444 785 1525 alioquin
799 1443 845 1506 de·
887 1445 980 1508 titur.
1587 1475 1591 1484 -

89 1528 209 1595 ritor.
923 1526 993 1586 XV.
1018 1525 1104 1600 Quod
1124 1527 1145 1587 st
1165 1523 1350 1609 Episcopus,
1385 1528 1422 1590 ed
1443 1547 1530 1609 quem
1551 1531 1664 1598 accesse-

89 1611 178 1676 VII.
205 1613 236 1675 Si
255 1610 319 1691 quis
338 1605 518 1691 Episcopus,
539 1625 590 1672 ant
600 1606 771 1690 Presbyter,
793 1622 844 1668 aut
884 1605 962 1680 rint,
985 1625 1039 1688 pro
1060 1606 1154 1668 nihilo
1175 1623 1308 1687 reputata
1328 1606 1517 1670 vacationisa
1537 1613 1662 1676 ministe-

89 1712 220 1755 aconus
241 1690 365 1753 seusium
386 1688 462 1751 diem
485 1689 598 1752 Pascha
626 1706 693 1751 ante
722 1705 845 1752 vernum
887 1685 932 1748 rio
953 1684 1150 1747 Fxclesraslicu
1171 1705 1285 1765 prena,
1320 1703 1385 1764 quae
1404 1703 1507 1748 contra
1525 1709 1576 1751 eus
1595 1690 1662 1753 desi·

89 1771 270 1835 trinoctium
301 1790 368 1833 cum
388 1769 493 1839 Iudeis
512 1767 725 1844 celebraverit,
759 1766 846 1849 depo
887 1766 952 1829 nita
966 1766 1028 1840 est,
1051 1761 1128 1847 ipsos
1147 1781 1181 1826 ut
1198 1762 1331 1826 Clericus
1351 1761 1426 1827 susce
1464 1765 1524 1839 tit,
1547 1789 1665 1833 acum.

89 1870 148 1912 ur.
888 1847 1026 1908 munione
1046 1843 1232 1918 excluditur,
1266 1860 1299 1907 ut
1319 1863 1406 1926 perve
1431 1866 1441 1904 r
1472 1846 1582 1910 ordinis
1604 1872 1666 1916 ma.

89 1931 193 1992 VIII.
219 1933 325 2015 Siquis
336 1934 514 2032 Episcopus,
538 1948 588 1994 ant
598 1930 771 2012 Presbyter,
796 1944 855 2018 aut
886 1927 987 2008 giller.
1263 2004 1270 2019 .

89 2029 233 2088 tconus,
255 2033 307 2078 aut
326 2035 501 2098 qurcumque
522 2035 557 2077 ex
575 2009 751 2075 Sacerdutali
772 2029 839 2070 con
919 2005 1004 2066 XVI.
1020 2005 1081 2079 Qui
1098 2006 1165 2099 pust
1186 2003 1366 2087 baptismum
1399 2007 1506 2071 duabus
1537 2008 1665 2094 implici-

89 2090 166 2165 rio,
193 2093 345 2160 oblatione
365 2096 457 2170 sosia,
480 2113 540 2154 non
560 2090 836 2162 communicanerit,
879 2105 926 2150 tus
947 2083 1002 2148 fuit
1021 2100 1153 2168 nuptus,
1184 2102 1235 2149 aut
1256 2086 1450 2150 concubinam
1470 2087 1601 2167 habuit,
1639 2094 1665 2156 is
1788 2141 1791 2148 ,

89 2168 174 2234 rsarrt
199 2173 310 2238 dicito.
333 2177 404 2240 Etsi
424 2176 505 2237 buna
525 2172 636 2235 ratione
657 2170 773 2233 subnixa
781 2169 838 2245 stt,
883 2164 1067 2260 Episcopus,
1089 2183 1139 2229 aut
1161 2166 1333 2259 Presbyter,
1356 2185 1406 2260 aut
1425 2167 1590 2246 Diaconus,
1613 2191 1665 2237 aut

89 2251 178 2345 riam
202 2274 406 2349 promeretur.
428 2255 479 2315 Sin
490 2250 713 2344 minnsdirerit,
735 2269 844 2378 acum:
883 2248 1018 2387 dentqule1
1027 2244 1402 2402 ”ipffiniiffiafflah
1403 2248 1465 2390 aege
1472 2269 1542 2393 pap)
1544 2254 1663 2393 rppges}
1751 2335 1756 2346 Ι

89 2335 651 2487 :?¹3I{.tzss.¹s¹l⁰.{r,²²r·l¹.3³{⁰..s¹.¹
666 2329 844 2491 {sullus
907 2327 1056 2472 silim}
1076 2406 1159 2482 nto,
1190 2423 1241 2469 ..t
1260 2371 1473 2500 murrum,
1504 2425 1554 2500 a,
1574 2355 1664 2473 nti.

88 2507 169 2564 une,
193 2493 245 2568 qui
265 2491 393 2553 obtulit.
416 2569 418 2572 Ι
884 2428 966 2563 lam,
988 2504 1038 2581 aut
1059 2487 1206 2626 alilrpuam,
1228 2506 1291 2568 quae
1311 2485 1436 2568 publrcis
1445 2506 1612 2570 mancipata
1632 2492 1667 2554 stt

90 2569 154 2628 IX.
179 2567 363 2650 Quicumque
375 2566 488 2630 Fideles
499 2565 658 2631 Ecclesiam
681 2567 844 2650 ingrediun-
887 2567 1071 2649 spesiaculrs,
1123 2564 1272 2647 prscppus,
1296 2566 1464 2647 Presbyter,
1486 2582 1536 2629 aut
1560 2567 1666 2636 Diaco-
1777 2601 1779 2612 .

88 2666 119 2720 r,
145 2646 180 2707 be
203 2646 364 2729 Scripturas
385 2646 533 2723 audiunt,
563 2668 655 2728 neque
687 2648 764 2728 apud
785 2667 848 2728 pre·
889 2666 960 2719 nus,
983 2660 1035 2705 acrt
1055 2642 1178 2723 denique
1198 2665 1232 2705 ex
1247 2642 1401 2707 consortio
1420 2644 1594 2708 Sacerdotali
1615 2651 1668 2713 etse

88 2745 128 2800 s,
169 2727 202 2789 δι
222 2726 347 2790 saosiam
367 2726 605 2791 communionem
637 2741 845 2871 permanent:
888 2745 949 2789 non
1011 2722 1080 2784 test.
1657 2753 1664 2760 „

664 2806 703 2868 sta
732 2822 844 2890 pettor-
925 2806 952 2865 X
988 2802 1047 2863 III.
1069 2800 1130 2877 Qui
1150 2800 1220 2865 duas
1240 2803 1357 2866 Sorores
1379 2802 1481 2879 duxit,
1512 2823 1564 2869 aut
1584 2808 1664 2872 Con·

88 2807 711 2959 {idirTssm'sisdrselsutofdllmerlinss‘ultioue
751 2883 841 2948 arceri
886 2883 1053 2957 sobrinum,
1076 2880 1205 2975 Clericus
1227 2882 1278 2946 esse
1297 2903 1356 2976 nou
1420 2885 1492 2946 test.

88 2975 201 3025 torret.
924 2966 1010 3028 XIX.
1030 2961 1188 3040 Clericus,
1209 2963 1261 3044 qui
1280 2961 1345 3037 fidet
1391 2983 1467 3027 tunes
1483 2964 1554 3044 dat,
1575 2968 1665 3055 depo-
1749 2987 1755 3024 ,-

96 3042 140 3103 X.
166 3043 196 3105 δί
216 3044 281 3124 quis
308 3065 378 3107 cum
408 3047 693 3120 excommunicato,
723 3045 794 3108 licet
815 3045 846 3106 in
886 3045 991 3111 nitor.
1673 3097 1677 3106 .

88 3142 173 3198 tutu,
194 3143 291 3210 preces
303 3126 529 3202 ‘conjunxerim
559 3125 609 3188 isle
640 3124 848 3190 communione
926 3128 994 3188 XX.
1017 3127 1047 3190 Si
1066 3126 1131 3211 quis
1150 3127 1277 3190 bumana
1295 3124 1438 3190 violentia
1456 3130 1602 3192 eunuchus
1622 3133 1663 3195 se-

88 3201 198 3266 ·ivaror
211 3203 230 3266 Σ
386 3243 391 3252 x
889 3207 953 3272 slus
972 3210 1036 3285 esi,
1057 3223 1108 3272 ant
1129 3205 1159 3267 in
1178 3205 1372 3291 persecutione
1393 3221 1543 3299 amputata
1561 3208 1665 3273 eisuut

97 3282 158 3344 XI.
179 3284 209 3345 si
229 3289 296 3368 quis
316 3308 383 3352 cum
405 3288 533 3371 deposito
554 3284 694 3363 Clerico,
714 3291 759 3350 'ut
778 3308 846 3350 cum
887 3287 1006 3367 virilia,
1029 3307 1079 3352 ant
1098 3290 1142 3350 ita
1162 3305 1247 3351 natus
1267 3284 1345 3361 suit,
1369 3285 1400 3349 ur
1419 3284 1521 3366 diguus
1542 3288 1600 3364 esi,
1624 3287 1663 3352 es-

88 3362 196 3442 lericu,
218 3386 315 3460 preces
335 3369 545 3456 conjunxerit,⁴
558 3368 592 3430 de
635 3366 752 3431 nitor&
766 3365 844 3452 ipse.
886 3367 983 3432 ficitur
1002 3370 1029 3432 F.
1051 3368 1108 3433 isco
1131 3371 1181 3431 irs.

98 3441 176 3508 XII.
198 3447 227 3507 Sr
247 3449 315 3529 quis
334 3447 496 3523 Clericus,
526 3466 577 3512 aut
642 3447 702 3512 icus
722 3469 739 3510 a
759 3470 840 3511 cum·
920 3451 1004 3512 XXI.
1075 3389 1158 3511 ribi
1180 3447 1234 3532 ipsi
1254 3445 1357 3512 virilia
1376 3447 1566 3528 amputavit,
1596 3448 1663 3513 Cle·

88 3527 206 3589 tuniune
226 3526 387 3609 segregatus
407 3573 417 3603 ,
439 3527 486 3591 seu
507 3528 637 3596 nundum
660 3529 689 3589 in
710 3549 840 3592 commu-
881 3530 958 3594 ricus
980 3551 1039 3593 non
1060 3527 1214 3604 efficitur,
1247 3524 1288 3588 sui
1309 3524 1387 3588 enim
1409 3526 1495 3608 ipfius
1515 3526 1664 3592 homicida

89 3607 158 3667 ioue
179 3626 307 3690 receptus
341 3609 378 3670 ad
407 3607 495 3671 aliam
517 3608 661 3701 professus
683 3609 845 3673 Civitatem
886 3611 942 3684 est,
964 3610 996 3670 ἃ
1016 3609 1153 3672 inimicus
1172 3604 1313 3670 creationi
1335 3604 1414 3667 Dei.

88 3708 121 3747 ne
153 3688 398 3752 commendatitiis
418 3687 543 3758 Litteris
572 3708 701 3772 receptus
730 3685 843 3766 suerit,
924 3689 1026 3750 XXlI.
1048 3688 1078 3749 Si
1098 3687 1186 3776 quis,
1209 3706 1275 3750 cum
1297 3682 1427 3747 Clericus
1448 3687 1550 3759 esset‚·
1564 3687 1665 3752 virilia

102 3772 307 3833 commuuione
330 3769 490 3834 excluditur
511 3768 613 3842 ,iuram
634 3769 686 3851 qni
708 3771 844 3852 recepit,
888 3769 938 3831 stbi
949 3769 1000 3850 ipfi
1011 3767 1228 3852 amputaverit,
1251 3763 1430 3848 deponitur,
1451 3764 1666 3833 homicidaete·

88 3868 158 3910 uam
178 3851 227 3932 qui
248 3867 376 3933 receptus
405 3850 473 3913 est.
510 3849 541 3911 Si
575 3850 844 3915 excommunicatus
887 3850 950 3911 nim
972 3847 1015 3911 sui
1036 3849 1122 3931 ipsrus
1142 3848 1201 3910 est.
1488 3925 1495 3940 ·

88 3931 178 4016 terit,
207 3930 236 3991 in
256 3929 371 4026 longius
393 3929 438 3992 illi
459 3947 575 4015 tempus
595 3930 841 3995 Excommunica·
922 3929 1042 3991 XXIII.
1064 3928 1188 4002 Laicus,
1209 3928 1261 4024 qui
1279 3926 1306 3990 se
1320 3924 1591 4021 ipsum'mutrlavit,
1614 3951 1665 4025 pet

88 4011 377 4234 oXlllteszlissltpo,
396 4093 450 4189 pul
474 4094 647 4156 Parocbiam
670 4091 749 4187 suam
768 4092 845 4157 dete·
884 4027 947 4175 tipesl
964 4023 1460 4231 lisaemsrlzfglslilsnirlsrlilsulw'
1483 4024 1571 4090 pm,
1593 4030 1664 4185 qlffw
1760 4049 1765 4060 ἡ

88 4172 845 4337 ssu,r‘zzllllsis‘fsrltrlssts'Is
884 4167 1510 4332 ..ll¹ll·tl³.¹.3r⁶.⁰t.²lr,²32.¹';ttllsss
1534 4170 1665 4313 {sir

88 4348 134 4409 pua
149 4330 227 4472 {ausa
247 4332 356 4475 pabit,
376 4355 440 4417 que
472 4334 529 4398 hoc
560 4331 653 4417 ipsum
687 4331 778 4397 sature
809 4331 841 4398 vi
882 4349 916 4396 to
936 4330 1124 4418 deprehensus
1142 4330 1408 4475 deponitoranon
1429 4345 1527 4396 tumen
1546 4343 1664 4471 smegm-

178 4433 230 4477 ⁰¹¹·
268 4457 277 4475 ·
1386 4429 1402 4491 3
1748 4433 1753 4490 ἱ

112 4573 178 4652 (*)
195 4578 248 4640 Hic
265 4583 361 4648 cmm
380 4575 418 4644 ab
437 4575 579 4661 aesiqus'but
596 4575 738 4643 diuidittrt
755 4578 785 4648 iu
803 4572 891 4642 dtur.
