4025 5284
474 137 1305 222 trost-onus.
1546 167 1628 254 205

76 265 109 311 re
138 244 223 313 ideo
250 253 338 320 ante
358 247 515 314 Nieaenum
535 248 764 313 OEeurnenicunt
786 247 810 310 1.
833 248 866 311 in
948 249 1060 312 Verum
1079 269 1203 334 nuperus
1223 247 1360 332 synodici
1381 247 1488 315 Editor
1517 270 1585 318 ante
1619 254 1681 320 lau·
1703 284 1743 348 39

79 349 118 392 m
148 330 346 414 prodiisse,
368 331 452 396 sacile
474 331 588 427 probati
609 330 721 414 potest,
744 350 812 392 curn
833 328 864 390 in
904 329 988 393 clatus
1008 329 1131 412 probat,
1153 331 1259 393 horum
1279 330 1438 412 Canonum·
1461 331 1578 420 aliquos
1605 338 1683 416 anti.

108 414 281 476 Carrones
329 412 374 475 illi
404 431 513 498 pamm
547 412 723 505 insinuetur,
753 408 863 493 partim
904 408 1048 492 quissrmis
1067 427 1131 475 tum
1151 411 1279 507 (iratis,
1314 429 1379 506 tum
1407 411 1519 476 Latinis
1537 413 1684 510 ‚perrone

77 491 863 670 sapiiii'ishlilss‘dd,Csilohqiiinldli
903 490 1682 650 irretierit*lltrihtlffmrrhhlli

76 650 171 728 aeni,
203 653 273 717 ubi
302 655 344 722 de
364 655 497 720 criminis
516 655 637 729 alicujus
657 652 710 716 reis
738 651 776 714 ad
804 652 861 712 Or·
902 653 978 715 circa
997 673 1107 716 annum
1126 653 1236 716 Chrisli
1261 674 1329 733 195.
1350 653 1476 738 Origeni
1506 676 1564 719 non
1587 659 1682 723 multo

76 753 99 795 ·s
124 751 266 816 praeter
296 741 455 803 Canonent
484 737 628 820 promotis
656 732 773 815 agitur.
804 731 861 793 Ca·
903 734 984 817 post,
1007 732 1039 795 δι
1059 733 1228 816 Cypriano,
1249 734 1301 816 qui
1322 754 1399 798 arno
1423 755 1492 817 255·
1524 735 1616 819 pallus
1644 738 1682 803 le·

109 834 175 894 ις.
206 817 287 883 five
318 841 365 898 ιι.
389 815 597 901 Apostolorum
618 815 652 878 de
679 810 861 892 migrationi·
905 813 1001 895 gitur.
1027 813 1196 879 indicantur
1215 815 1252 877 ab
1272 813 1308 877 iis
1328 815 1408 878 vero.
1441 832 1515 898 grat.
1551 818 1687 884 Canones

90 893 365 981 Episcopomm
387 899 421 960 δι
439 898 619 963 Clerlcorum
653 892 797 955 indicatur
819 913 865 954 ca
928 938 935 953 .
963 914 1008 987 tq.
1033 911 1081 975 3¹·
1102 915 1154 972 47.
1168 916 1215 969 50.
1229 896 1341 957 61.8t.
1364 895 1453 977 deque
1473 895 1510 958 iis
1531 896 1615 959 rebus
1634 899 1685 963 ha·

80 1017 90 1037 .
127 997 196 1056 ις.
227 980 272 1043 δι
305 985 349 1044 16.
371 977 516 1041 Nicaenis.
538 980 640 1041 Canon
667 991 708 1054 qu
750 994 785 1036 ue
815 977 864 1034 62„
905 915 969 1038 bita
987 993 1048 1049 ram
1070 990 1136 1037 ante
1158 974 1309 1052 concilia.
1332 976 1414 1039 Nam
1444 975 1597 1060 Cypriane
1617 980 1686 1044 telle

76 1057 287 1122 >stolorum
310 1060 345 1124 de
366 1060 449 1143 lapsis
479 1079 537 1122 non
565 1074 726 1140 promoven
748 1052 772 1116 is
806 1052 863 1115 Ca·
905 1059 937 1116 in
957 1053 1079 1138 Epistola
1100 1054 1354 1137 adJobajanum,
1376 1060 1438 1130 jam
1471 1061 1531 1132 ejus
1552 1075 1684 1143 tempore

76 1160 108 1202 re
137 1138 306 1206 Nicaeno
332 1163 378 1204 ιο.
400 1139 629 1204 demonstratur.
660 1137 774 1277 Aperte
793 1154 864 1226 vero
904 1135 1040 1199 flaturum
1061 1133 1170 1212 suerat,
1192 1158 1225 1198 ur
1245 1135 1371 1199 haretici
1390 1136 1426 1199 ad
1448 1138 1605 1203 Ecclesiam
1627 1141 1686 1203 Ca„

712 1212 865 1298 polloltcus
905 1215 1044 1279 thelicam
1065 1216 1441 1302 conversrbaptizarentnr,
1464 1242 1544 1294 cum,
1569 1221 1682 1300 inquit,

76 1220 129 1283 eti
156 1222 330 1287 videntur
350 1217 473 1283 Nicaeno
496 1240 523 1281 t.
546 1217 652 1280 Canon

102 1299 144 1363 ἃ
172 1299 281 1385 seqq.
313 1303 349 1367 de
384 1300 533 1365 Eunuchis
562 1317 612 1382 per
642 1296 706 1362 vim
738 1293 818 1387 fadlip
848 1315 866 1357 a
902 1300 965 1379 jam
985 1299 1069 1362 multi
1088 1303 1157 1360 anni
1172 1297 1248 1375 fior,
1271 1295 1311 1360 O
1339 1298 1423 1381 longa
1452 1317 1537 1374 etas,
1567 1320 1601 1360 ex
1630 1324 1684 1381 qoo

76 1403 129 1445 eto
160 1405 240 1449 non
268 1384 417 1447 arcendis.
439 1382 559 1443 Canone
580 1396 679 1442 autem
703 1398 730 1438 2.
767 1376 861 1436 Nlcae·
896 1376 954 1456 sub
979 1383 1126 1462 Agrippino
1144 1377 1218 1442 bone
1238 1383 1373 1441 memorie
1400 1382 1463 1441 viro
1490 1382 1684 1443 convenientes

93 1461 164 1543 qui
192 1463 244 1529 est
272 1465 308 1528 de
329 1482 423 1527 recens
442 1458 597 1543 baptizatis
618 1455 860 1548 nonssatimpro·
899 1460 931 1518 in
952 1480 1037 1520 unum
1059 1462 1185 1555 Episcopi
1196 1461 1368 1539 floruerint:
1390 1461 1467 1540 quod
1487 1460 1521 1523 de
1531 1458 1684 1556 Episcopis

76 1544 218 1608 »vendis
271 1560 372 1608 eontra
410 1540 576 1620 Cononem,
606 1535 856 1610 Ecclesiasticum,
899 1534 1046 1602 Africanis
1067 1540 1265 1623 accipiendum
1299 1542 1360 1612 elle
1391 1540 1571 1623 Agrippinus
1600 1553 1682 1603 enim

76 1624 113 1686 id
139 1624 238 1688 aliud
264 1644 356 1705 quam
376 1621 478 1684 Canon
500 1620 707 1704 Apostolorum
730 1618 779 1679 80.
792 1613 857 1677 scri·
899 1617 1131 1700 eanhaginensn
1152 1620 1264 1684 suerat.
1286 1620 1369 1683 Idem
1399 1637 1516 1694 autem,
1547 1638 1580 1682 ut
1609 1620 1682 1682 dixi-

76 1713 155 1769 tur?
183 1705 321 1766 Canooe
341 1702 463 1785 denique
485 1701 607 1763 Nicaeno
631 1723 677 1780 15.
697 1699 750 1778 qui
769 1696 861 1759 tradit
901 1718 988 1774 mus,
1012 1707 1151 1760 ‘canone
1181 1699 1388 1781 Apostolorum
1416 1719 1466 1849 ep.
1497 1699 1684 1763 constitutum

94 1782 392 1847 excommunicatis
422 1783 460 1846 ab
494 1779 646 1865 Episcopis
677 1778 760 1841 unius
789 1777 860 1838 Pro-
901 1778 1061 1861 repetitur.
1085 1776 1194 1841 Pascha
1214 1797 1330 1859 quoque
1351 1799 1418 1844 cum
1458 1778 1542 1840 udaeis
1561 1779 1682 1842 celebra·

76 1863 154 1925 tciae
181 1861 372 1930 servandum
393 1862 445 1928 else
464 1862 635 1937 Cononem,
656 1860 708 1940 qui
738 1855 775 1918 ab
796 1854 861 1919 aliis
902 1859 926 1919 ri
949 1880 1007 1920 non
1028 1859 1145 1933 debere,
1167 1877 1228 1940 quo
1270 1860 1376 1922 ertiner
1394 1861 1497 1921 Canon
1533 1859 1683 1941 Apostoli-

76 1943 134 2005 tisc
186 1943 217 2006 is
244 1966 300 2009 eos
320 1942 440 2007 admitti
483 1943 613 2017 tohibet,
636 1959 733 2002 nonne
769 1938 859 1998 mani·
900 1955 949 2000 cus
970 1960 999 2019 7.
1022 1938 1094 2001 alias
1104 1940 1132 2000 8.
1155 1938 1235 2019 Syno
1256 1938 1265 1999 i
1287 1938 1382 2019 plures
1401 1956 1469 2002 ante
1490 1957 1598 2001 annum
1616 1942 1681 2016 198.

76 2026 109 2087 le
136 1961 185 2084 ξς
207 2025 354 2088 Canones
378 2025 447 2106 Apo
471 2023 588 2087 olorum
612 2042 659 2088 12.
681 2018 753 2080 alias
770 2020 859 2105 13.&
898 2015 1067 2094 sanxerant,
1090 2019 1225 2081 Romana
1245 2017 1296 2081 sub
1316 2019 1435 2082 Visiore
1458 2019 1482 2086 Ι.
1516 2015 1680 2092 l’alaeliina,

81 2148 91 2166 .
120 2103 209 2166 alias
235 2127 290 2185 43.
314 2102 458 2168 retertur?
645 2101 647 2106 ’
899 2099 1039 2173 Pontica,
1062 2097 1257 2161 Gallica&c.
1279 2098 1437 2181 dequibus
1469 2095 1606 2162 Eusebius
1625 2098 1680 2162 lib.

83 2185 260 2248 Nondum
283 2183 435 2247 innotuisse
455 2184 530 2245 hanc
562 2179 760 2246 collesiionem
781 2203 858 2245 anno
902 2199 929 2258 ς.
951 2179 1055 2257 Eccles.
1078 2178 1167 2255 histor.
1189 2197 1248 2260 cap.
1274 2200 1322 2239 22.
1344 2178 1492 2242 &Bedat
1522 2178 1682 2261 exquibus

76 2264 170 2325 arilli
214 2286 235 2322 2
260 2264 291 2325 8.
321 2283 381 2356 quo
410 2262 574 2343 agitabatur
601 2260 795 2325 controversia
826 2263 861 2326 de
901 2275 1000 2340 patet,
1024 2259 1098 2321 reue
1117 2260 1313 2322 Hincmarum
1323 2259 1488 2333 conjecisse,
1511 2256 1681 2321 editossuis-

76 2340 219 2424 eptilmo
239 2287 445 2406 hereticorum
467 2341 542 2406 inter
569 2341 747 2435 Stephanum
777 2344 860 2406 Sum·
902 2338 928 2401 se
950 2358 999 2403 aut
1021 2338 1157 2403 colleslos
1178 2340 1329 2414 Canones,
1351 2340 1403 2420 qui
1432 2339 1566 2402 dicuntur
1597 2340 1679 2422 Apo-
1762 2421 1769 2426 ·

82 2441 142 2484 um
180 2422 364 2485 Pontificem
399 2423 517 2483 illorum
547 2419 690 2500 bapnsma
719 2421 858 2502 recipien
900 2420 1058 2495 stolorum,
1083 2419 1117 2482 iis
1139 2436 1198 2482 tem
1241 2418 1335 2494 ribus,
1357 2418 1462 2499 quibus
1494 2418 1624 2481 nondum
1645 2417 1681 2476 li·

76 2521 139 2575 m,
163 2517 200 2563 at
227 2523 264 2562 ne
294 2502 327 2560 B.
359 2503 406 2578 Cy
430 2499 542 2559 rianum
578 2494 857 2578 Carthaginensem,
898 2500 963 2563 bere
986 2500 1122 2562 Concilio
1139 2501 1198 2564 cele
1220 2499 1377 2562 rabuntur.

76 2603 79 2639 ;
104 2521 329 2643 firmilianum
350 2517 485 2639 Casireae
504 2576 536 2639 in
565 2576 753 2659 Cappadocia
785 2584 812 2643 E
835 2582 856 2642 i·
938 2579 1026 2650 Quod
1046 2580 1154 2642 attinet
1175 2581 1209 2641 ad
1230 2578 1334 2642 borum
1356 2578 1511 2641 Canonum
1533 2576 1678 2654 audieret,
1700 2601 1741 2656 40

76 2681 181 2742 opum
206 2657 282 2720 illud
304 2654 484 2741 respuentes,
507 2675 600 2720 exeo
622 2656 734 2718 inducit
748 2603 854 2722 rttnllr.
896 2656 1052 2730 boumve,
1076 2655 1125 2717 ubi
1145 2657 1276 2737 primum
1297 2655 1474 2738 prodierint,
1506 2678 1540 2719 err
1565 2676 1591 2717 1.
1615 2656 1680 2717 illo-

76 2760 163 2803 etrus
186 2739 226 2802 de
250 2740 355 2801 Marca
374 2736 426 2799 lib.
450 2758 478 2812 ι.
500 2739 535 2800 de
551 2737 674 2798 concord.
688 2735 854 2800 sacerd&
894 2755 960 2797 rum
980 2736 1136 2797 Canonum
1158 2735 1259 2817 colligi
1321 2736 1389 2810 teli,
1412 2733 1682 2800 conditosnonesl'e

76 2839 136 2899 op.
162 2841 189 2879 c.
206 2839 237 2876 2.
258 2817 335 2894 quod
366 2815 554 2878 Firmilianns
583 2836 652 2878 cum
682 2813 853 2881 Sansiornm
895 2816 930 2878 ab
951 2814 1103 2899 Episcopis
1120 2813 1235 2878 'Arane
1302 2813 1451 2890 ioeceseos,
1482 2832 1514 2878 ut
1544 2815 1596 2897 qui
1631 2837 1678 2895 14.

76 2895 165 2969 etri,
190 2891 227 2956 δι
248 2894 328 2955 Pauli
348 2894 479 2974 quadam
499 2893 563 2956 loca
583 2917 643 2957 non
663 2893 730 2958 satis
746 2898 852 2982 perspi·
894 2896 964 2960 luna
986 2894 1093 2957 Pascha
1112 2896 1323 2961 celebrarenta
1357 2894 1537 2978 temporibus
1567 2897 1597 2957 S.
1621 2895 1676 2958 Po·

78 2997 119 3039 ua
141 2974 177 3036 in
211 2972 290 3036 suam
320 2971 493 3036 sententiam
526 2974 701 3050 adduceret,
731 2998 853 3059 eamque
894 2976 960 3059 lyce
996 2976 1023 3038 i.
1046 2977 1087 3038 Et
1110 2977 1129 3037 sr
1151 2976 1267 3057 quidem
1298 2996 1399 3039 omnes
1428 2975 1529 3050 unul,
1561 2974 1675 3039 eodem-

77 3054 278 3119 onsuetudine
308 3053 507 3116 Asiaticorum
535 3071 690 3127 tueretur,
721 3073 780 3117 non
810 3075 854 3119 ta·
894 3077 950 3137 que
984 3078 1039 3119 oco
1060 3054 1112 3119 eise
1132 3058 1306 3140 compositor
1326 3057 1487 3130 constaret,
1511 3055 1607 3119 minus
1620 3057 1675 3117 im·
1792 3101 1802 3114 .

76 3158 134 3199 nen
157 3135 300 3198 meminit
319 3134 476 3196 Canonum
509 3134 717 3214 Apostolorum
750 3139 801 3212 46.
822 3138 855 3199 δι
893 3136 1022 3218 peditam
1042 3137 1224 3217 quallionem
1245 3137 1350 3200 iaceret
1369 3135 1676 3219 Hyperbereraeimen·

76 3238 112 3292 .7.
136 3233 218 3294 quos
239 3212 386 3295 profesio,
409 3213 429 3273 sr
452 3211 495 3273 illi
517 3231 580 3276 tum
603 3212 633 3274 in
663 3215 755 3278 lucem
785 3236 851 3300 pro
893 3219 927 3279 [ις
948 3216 1048 3280 habita
1068 3220 1180 3282 mentio
1201 3220 1275 3281 Can.
1297 3218 1344 3292 38.
1366 3236 1426 3297 quo
1456 3213 1577 3277 nomine
1606 3234 1676 3276 cum

77 3291 200 3368 iissent,
224 3293 348 3356 minime
367 3291 517 3356 omissuros
537 3291 648 3367 suisset,
679 3314 780 3380 utpote
799 3301 851 3380 qui
892 3297 1019 3361 Osiober
1049 3297 1149 3379 lingua
1183 3295 1493 3378 Syro-Macedonica,
1524 3291 1574 3357 usu
1604 3311 1674 3356 tunc

76 3378 126 3448 ⁴jus
149 3372 324 3436 sententiam
353 3372 502 3436 manifeste
530 3372 728 3439 adstruerent.
760 3378 849 3441 Durn-
892 3398 943 3461 per
961 3378 1094 3461 Syriam,
1117 3381 1149 3443 δι
1182 3377 1336 3441 Orientem
1365 3391 1505 3457 recepta,
1538 3373 1675 3456 significe-

76 3472 176 3517 tantur
197 3453 274 3517 enim
297 3455 419 3517 Canone
440 3457 490 3529 46.
514 3452 674 3536 Episcopus
695 3457 850 3540 &Presby·
891 3477 956 3535 tur,
978 3477 1119 3543 apparet,
1142 3459 1219 3520 hrntc
1239 3459 1391 3520 Cononem
1414 3455 1446 3515 in
1468 3453 1552 3536 Syria
1572 3473 1674 3514 conce-

76 3556 114 3597 ·er
145 3533 346 3598 hereticorum
375 3530 553 3615 baptismum
584 3535 790 3612 admittentes;
820 3541 851 3601 δι
892 3556 996 3622 ptum3
1018 3540 1092 3602 unde
1112 3538 1274 3618 sequeretur
1293 3552 1409 3599 ceteros
1437 3552 1554 3614 quoque
1576 3530 1676 3596 iisdem

76 3616 200 3677 Canone
219 3636 268 3694 47.
290 3614 395 3698 deponi
416 3614 529 3687 iubetur
551 3616 592 3691 is,
623 3616 675 3686 oui
706 3618 853 3711 pollutum
894 3619 1003 3682 elocis
1024 3618 1167 3681 manasse.
1189 3620 1301 3680 Verum
1322 3637 1382 3679 non
1412 3610 1512 3677 desunt
1549 3613 1600 3695 qui
1632 3611 1671 3676 sa-

77 3696 107 3758 tb
128 3693 229 3776 impiis
260 3696 363 3774 (idesl
392 3695 429 3757 ab
456 3696 607 3760 Haeteticis
635 3696 853 3779 baptizatum)
893 3700 933 3762 tis
954 3698 1144 3783 probabiliter
1165 3697 1340 3771 conjiciant,
1375 3693 1491 3759 diversis
1521 3692 1550 3752 in
1580 3692 1673 3775 Syno-

77 3796 130 3840 ton
154 3775 191 3835 ba
212 3775 363 3851 tizaverit,
385 3795 446 3838 non
466 3775 562 3840 minus
580 3799 670 3859 quam
693 3777 716 3839 is
744 3779 795 3862 qui
818 3780 853 3842 ri·
893 3780 957 3855 dis,
978 3777 1150 3860 diversisque
1170 3778 1348 3860 temporibus
1370 3776 1480 3838 editos.
1509 3771 1588 3835 Huic
1619 3795 1672 3855 ego

77 3871 99 3918 ¹¹e
120 3854 153 3916 ἃ
187 3855 328 3919 ecundum
361 3855 516 3920 veritatem
547 3858 729 3941 baptizatum
759 3860 852 3924 adhue
892 3858 1040 3923 sententia
1062 3859 1097 3921 src
1118 3856 1243 3932 accedo,
1266 3873 1299 3919 ut
1329 3875 1463 3938 magnam
1492 3870 1605 3940 partem
1636 3875 1673 3917 err

79 3935 285 4017 >aptiaeverit·
306 3937 387 4000 Hinc
406 3937 525 4008 conjicit
547 3935 762 4003 Eruditillimns
782 3960 850 4023 prae-
892 3938 1051 4014 Conciliis,
1093 3960 1135 4002 uae
1156 3938 1186 3999 in
1208 3937 1337 4002 Orientis
1357 3933 1512 4019 prasertim
1532 3933 1672 3998 trallibus

77 4014 132 4089 inl,
156 4016 325 4099 paulopost
346 4016 427 4081 illam
448 4019 613 4082 Firmiliani
634 4018 766 4084 adversus
787 4022 849 4083 Ste·
890 4015 940 4082 sub
959 4019 1049 4084 linem
1070 3959 1202 4094 secundi,
1223 4019 1253 4080 dt
1275 4017 1393 4079 initium
1414 4015 1493 4080 tertii
1515 4012 1606 4077 seculi
1620 4014 1672 4075 ha-

77 4096 201 4176 'phanum
223 4098 457 4173 contentionem,
480 4098 554 4164 sorte
573 4101 605 4163 8(
634 4102 693 4172 ejus
727 4101 848 4162 occasto
889 4100 952 4163 bita
971 4098 1053 4172 sunt,
1088 4099 1198 4184 partim
1225 4120 1260 4162 err
1289 4097 1436 4172 moribus,
1466 4095 1518 4177 qui
1544 4115 1596 4178 per
1624 4113 1669 4157 ea-

78 4196 127 4250 ne,
149 4176 261 4252 editos,
283 4196 334 4242 aut
356 4179 488 4243 collesios
508 4178 586 4245 suisse
606 4181 660 4245 hos
693 4180 847 4254 Canones,
890 4179 1022 4243 mmdem
1044 4181 1209 4263 Regionum
1230 4177 1369 4241 Ecclesras
1391 4176 1590 4248 invaluerant,
1614 4190 1670 4236 ter-

77 4254 159 4336 panlo
180 4256 290 4323 scilicet
311 4260 461 4342 postquam
484 4261 581 4323 Iconii
602 4261 632 4323 in
644 4260 849 4342 Lycaoniavi·
889 4261 935 4322 tio
956 4278 1087 4324 currente
1120 4260 1237 4336 seculo,
1271 4262 1346 4335 live,
1377 4257 1458 4342 quod
1487 4251 1670 4322 verisimilius

81 4335 203 4399 cinerum
224 4338 357 4403 Orientis
379 4341 544 4421 Regionum
559 4340 698 4424 Episcopi
719 4339 848 4423 frequen-
890 4339 1024 4416 videtur,
1048 4342 1173 4424 plurium
1205 4341 1382 4404 Antistitum
1412 4358 1500 4423 opera
1532 4330 1670 4396 colleslos

77 4414 105 4478 ti
125 4417 234 4497 Synodo
253 4421 478 4494 convenissem
505 4442 570 4503 quae
589 4422 721 4505 Synodus
751 4422 849 4485 eadem
890 4419 1072 4496 existimem,
1107 4443 1198 4504 neque
1229 4420 1306 4483 aliud
1334 4419 1433 4486 voluit
1466 4408 1670 4478 illustrissimus

77 4495 221 4574 ‘sanxerat,
241 4519 303 4583 qua
322 4503 432 4572 duobus
453 4501 512 4565 illis
539 4503 705 4572 Canonibrts
725 4504 849 4589 Apollo·
888 4501 1013 4575 Marca,
1034 4522 1102 4563 cum
1122 4503 1209 4584 paulo
1230 4502 1291 4584 post
1312 4497 1490 4566 iconiensem
1507 4491 1577 4552 anni
1597 4492 1665 4630 2q8.

84 4575 171 4646 lorum
193 4583 241 4659 46.
263 4582 293 4646 dr
312 4604 361 4666 ιχ.
384 4583 591 4652 continentur·
892 4581 1058 4666 simum>
1082 4581 1228 4649 51¹le
1250 4582 1343 4648 ‘lillis‘
1364 4577 1470 4660 sffll'fit
1490 4569 1674 4711 hancfflffl
