4025 5284
468 121 1503 228 nnuurrcirinuuneeuir.
1587 157 1726 244 -523

167 257 208 307 ut
234 242 400 305 umbrosius
421 238 524 300 relatus
544 239 575 298 ir
596 255 656 320 cap.
675 234 722 313 Esl
737 233 884 318 probanda
908 240 953 299 16.
990 236 1097 312 flolicos
1120 258 1170 316 ις.
1195 256 1332 296 cau.12.
1353 237 1443 317 quaefl.
1459 261 1486 300 a.
1509 238 1558 303 ubi
1587 243 1773 327 declaratur,

174 323 237 401 disi.
251 325 300 386 86.
322 325 350 385 S.
371 317 545 398 Augustinus
575 318 679 381 relatus
707 322 737 379 in
766 333 823 398 cap.
847 321 879 378 51·
893 321 953 400 pri·
995 316 1122 379 redditio
1143 316 1337 394 Breierosiicor
1364 314 1403 376 ad
1423 318 1608 393 Minillrorum
1634 333 1776 410 propriam

174 427 275 466 varum
308 399 513 478 28.ceof.12.
535 400 669 479 quelli.
701 399 729 459 S.
753 398 952 479 Hieronymus
993 400 1181 474 utilitatem(
1204 397 1351 459 borrellum
1373 393 1480 458 scilicet
1505 395 1734 473 sutentationem
1759 415 1773 488 )

175 484 280 548 relatus
300 487 328 542 ia
348 498 406 563 cap.
430 485 572 569 Quoniam
593 482 642 541 86.
665 481 739 559 caufi
755 483 799 540 16.
821 479 909 559 quasi.
925 501 950 540 1.
996 479 1034 540 (J
1055 477 1088 540 od
1109 481 1196 556 escam
1211 495 1381 619 pupparum,
1407 475 1446 536 <r
1451 484 1655 557 peregrinorum
1670 491 1772 566 sapien.

167 561 371 626 suenrus
393 560 473 643 super
494 561 552 624 illis
573 561 668 623 verbis
686 558 860 641 Evangelii:
884 563 953 621 Ecce
993 562 1123 622 rationem
1143 558 1227 637 essm
1279 557 1441 624 tClericus
1458 557 1545 620 aliter
1565 560 1641 624 buna
1671 587 1772 648 expete.

163 667 218 706 vnos
238 644 398 724 reliquimus
418 645 512 704 omnia
533 641 692 715 {Sanslus
720 640 852 701 Thomas
867 662 901 701 a.
925 662 952 701 2.
993 641 1061 703 dens
1081 641 1187 723 deponi
1209 638 1339 712 jubetur,
1361 660 1493 717 tauquam
1509 647 1703 720 prevaricator
1729 650 1774 709 di.

171 725 259 804 quusi.
276 725 342 803 185.
363 723 508 804 arr.7.orl
530 745 557 782 2.
579 722 826 805 &Raymundiu
848 726 952 782 summ.
993 725 1126 783 uiuorum
1156 725 1286 803 Legum,
1321 719 1360 782 (θ’
1386 736 1580 800 preceptorum
1605 749 1618 794 ,·
1653 726 1683 787 ἃ
1713 747 1772 811 cap.

152 803 223 866 rii.
237 825 263 865 2.
286 808 374 876 ritae.
397 806 430 865 de
450 801 639 875 rectoribus,
668 801 842 884 pradonibus
875 804 904 878 ἕ.
924 808 953 864 ό.
995 800 1139 877 Pontifices
1162 823 1189 880 ζ.
1212 797 1491 880 caus.12.queefl.3.
1515 801 1710 870 ubidicitur:
1735 815 1771 871 ll·

174 886 224 963 rbi
246 887 391 968 proposita
412 887 460 948 sibi
484 887 535 947 isla
555 885 735 966 quallione:
768 928 787 956 „
818 881 898 957 Quid
919 882 954 944 de
995 885 1048 959 le,
1070 887 1120 964 qui
1139 882 1224 943 donar
1238 897 1290 962 pro
1309 879 1489 962 redemptione
1508 887 1607 946 anima
1620 889 1698 967 fiee,
1722 917 1776 959 nor,

166 1011 194 1044 .„
220 965 347 1028 Praelatis
369 968 578 1041 Ecclcfiamm,
598 967 631 1029 .&
653 964 717 1027 aliis
732 962 881 1035 Clericis,
902 963 954 1104 qui
989 982 1047 1046 pro.
1063 962 1198 1027 commodo
1210 961 1362 1025 Sacerdotis
1379 963 1472 1039 offm
1487 962 1619 1044 probatur
1627 995 1640 1040 ,·
1655 970 1693 1031 ἃ
1712 995 1774 1059 cap.

163 1093 193 1125 .„
216 1047 292 1108 bona
315 1046 506 1110 Ecclesiastico
536 1046 705 1130 pauperibus
736 1044 833 1107 debita
853 1063 951 1106 couu·
993 1050 1074 1131 ‚Quia
1099 1048 1183 1126 juxta
1216 1063 1263 1122 59.
1284 1045 1356 1122 oeus.
1378 1048 1421 1107 16.
1444 1045 1532 1125 quest.
1549 1072 1575 1110 1.
1601 1049 1656 1125 ubi
1688 1052 1772 1121 babe-
1813 1083 1818 1094 ·

166 1172 193 1202 ,‚
217 1144 300 1189 munt
316 1125 344 1187 iu
366 1128 430 1191 usus
451 1127 589 1202 illicitus,
612 1127 747 1191 videlicet
763 1125 791 1186 in
814 1125 951 1187 Meretri·
994 1144 1070 1189 tut:
1101 1129 1181 1222 Qia
1199 1128 1283 1207 juata
1311 1123 1471 1187 iaaslorum
1502 1131 1619 1190 Parrum
1647 1134 1773 1201 tradicio-

165 1251 193 1284 v„
215 1209 312 1283 cibus,
335 1210 557 1284 Hislrionibus,
586 1204 804 1288 consanguineis
825 1205 952 1288 potenti·
995 1231 1057 1269 nem
1077 1229 1204 1270 acuemus
1223 1228 1264 1265 res
1285 1205 1408 1282 Eccleſse
1427 1226 1494 1270 uota
1523 1211 1662 1272 Fidelium
1692 1218 1770 1296 effe,

172 1332 193 1365 „
216 1289 286 1366 buS,
309 1289 340 1351 ἃ
361 1289 517 1364 divitlbm,
550 1288 766 1362 dissimilibus,
803 1287 834 1349 ἃ
854 1286 887 1349 de
908 1286 953 1348 his
988 1291 1080 1370 pretia
1096 1305 1264 1371 peccaturam
1286 1330 1294 1361 ,
1319 1285 1358 1348 (9
1379 1291 1573 1364 patrimonium
1590 1310 1773 1376 pauperamg·

168 1415 193 1449 .„
215 1371 304 1435 etiam
326 1368 436 1434 saciant
469 1370 560 1451 aliqui
594 1371 812 1432 Testamentum
840 1414 859 1444 r
882 1388 952 1429 nun·
994 1371 1037 1433 Et
1059 1370 1096 1432 esl
1116 1369 1280 1435 communis
1310 1367 1478 1431 Samiorum
1511 1372 1631 1438 Parrum
1653 1419 1669 1450 ‹,
1699 1378 1770 1443 alio·

173 1497 194 1530 ,‚
218 1452 287 1533 quid
310 1451 381 1516 tales
401 1450 465 1514 sunt
495 1450 639 1524 judicandi
669 1448 827 1534 raptores?
857 1449 876 1476 ’'
898 1448 954 1509 hoc
996 1471 1116 1531 rumque
1146 1449 1304 1512 nouorum
1337 1447 1503 1513 sententia.
1541 1453 1659 1519 Saucius
1692 1460 1773 1524 enim

173 1533 263 1596 modu
285 1531 330 1595 tel
368 1534 462 1597 ndei:
491 1531 658 1609 „Videtur
687 1531 765 1611 quod
786 1530 849 1603 sic,
881 1528 951 1610 quia
992 1532 1151 1596 Bernardus
1174 1531 1202 1592 in
1224 1529 1416 1594 declaratione
1438 1529 1518 1613 super
1539 1532 1598 1596 illis
1615 1537 1710 1601 verbis
1732 1543 1772 1604 Ε-

160 1658 192 1691 -„
213 1552 396 1678 coutraddnt
426 1634 487 1675 rem
516 1611 641 1676 alienam
673 1611 768 1673 invito
791 1609 947 1684 Domin0,
990 1635 1047 1677 van
1069 1612 1144 1676 elii:
1168 1616 1237 1675 Eece
1255 1635 1301 1673 ars
1320 1613 1481 1693 reliquimus
1502 1619 1612 1691 amaia,
1636 1619 1671 1680 fic
1692 1620 1734 1684 ait
1753 1646 1769 1685 ,ς

171 1739 192 1772 n
214 1695 256 1758 alt
286 1695 364 1757 enlm
396 1693 627 1775 Hlewsslfflsssr
667 1690 807 1771 quidquid
836 1690 949 1752 babent
988 1738 1011 1770 u
1034 1729 1038 1736 ⁴
1065 1695 1125 1760 irat
1146 1693 1181 1755 de
1205 1692 1321 1767 uitari,
1344 1712 1376 1757 ut
1398 1695 1623 1765 iuxtaeumdein
1645 1700 1673 1761 A
1696 1703 1770 1767 ostu-

161 1820 193 1851 „‚
215 1774 350 1851 Clerici,
383 1795 539 1857 pauperum
569 1775 636 1836 en.
669 1771 688 1799 ’'
710 1772 750 1833 Et
781 1770 949 1854 paulopost
990 1819 1010 1851 „
1033 1774 1113 1852 lum,
1137 1774 1297 1847 alimenta,
1319 1774 1349 1836 δι
1392 1774 1474 1839 uibus
1496 1793 1610 1858 tegatur
1639 1780 1676 1843 ha
1714 1805 1769 1860 ns,

171 1855 247 1920 ibid.
267 1857 338 1917 a.·8.
360 1854 531 1937 subjungit:
562 1899 583 1928 ,‚
616 1852 692 1915 Dico
724 1854 887 1926 Pialatos,
920 1853 951 1914 lit
993 1901 1011 1932 „
1035 1857 1080 1919 his
1100 1872 1252 1920 contentus
1274 1856 1335 1917 sit.
1434 1856 1550 1932 Altati,
1574 1860 1696 1941 inquit,
1726 1865 1770 1929 vi.

171 1980 193 2012 ‚,
215 1936 367 2014 Clericus,
398 1935 448 2017 qui
470 1957 512 1997 res
533 1934 664 1998 Ecclesia
686 1933 817 2008 talibus,
849 1932 896 1997 vel
919 1933 950 1994 se
992 1982 1015 2012 „
1030 1956 1105 2014 erat,
1125 1934 1355 2018 nousuperbiat‚
1380 1936 1626 2015 nonluiurietui,
1648 1944 1771 2026 denique

160 2058 191 2093 ·„
224 2015 341 2081 milibus
375 2016 506 2098 turpibus
537 2014 667 2080 Personis
686 2013 869 2089 conserunt,
901 2013 948 2078 vel
990 2062 1010 2094 „
1028 2040 1091 2083 ,nun
1113 2015 1241 2089 ditetur,
1261 2014 1381 2077 nonsibi
1403 2016 1533 2082 debonis
1555 2021 1686 2085 Ecclesia
1707 2046 1769 2089 am-

163 2140 191 2172 -‚,
214 2098 303 2160 etiam
335 2094 549 2178 consanguineis
585 2118 644 2160 non
675 2114 792 2179 propter
815 2112 949 2158 naturum
990 2143 1010 2173 „
1034 2100 1082 2183 pla
1103 2097 1214 2182 palatia
1223 2093 1365 2169 fabricet,
1389 2115 1504 2161 mutans
1513 2102 1651 2179 quadrata
1672 2122 1771 2170 rotun·

171 2221 192 2253 „
216 2176 442 2249 susleniandam,
465 2175 510 2239 sed
531 2197 563 2240 ut
583 2174 690 2240 saciant
720 2199 769 2241 eos
790 2176 896 2241 divites
917 2177 951 2241 de
991 2223 1014 2257 „p
1035 2181 1095 2254 dis,
1118 2199 1169 2241 nec
1193 2175 1303 2237 loculus
1325 2175 1390 2238 inde
1411 2198 1583 2261 congreget,
1604 2202 1655 2247 aut
1676 2185 1770 2268 super-

164 2301 192 2333 -„
217 2257 548 2323 PatrimonioCrucifirti
559 2303 648 2321 .....
669 2257 868 2339 talesinquam
878 2259 950 2321 Pra-
991 2305 1012 2334 „
1035 2258 1168 2323 linitione
1188 2254 1348 2340 dispergat.
1371 2257 1390 2284 ''
1413 2259 1551 2323 Eiidem
1574 2265 1603 2325 S.
1616 2264 1772 2333 Bernartius

161 2380 191 2412 .„
215 2338 308 2413 latos,
331 2339 361 2402 ἃ
383 2338 530 2414 Clericus,
550 2341 602 2421 qui
611 2339 716 2402 talibus
736 2338 886 2406 conserunt
900 2340 950 2401 bo
985 2342 1072 2420 sum.
1089 2361 1138 2416 25.
1159 2341 1190 2400 iu
1209 2338 1387 2419 cantiano
1407 2342 1480 2402 med.
1499 2341 1564 2405 ait:
1588 2390 1607 2419 „
1630 2347 1772 2414 Timeant

164 2458 193 2493 7,,
214 2441 252 2480 na
272 2419 466 2484 Ecclesiastica
483 2419 655 2505 pauperibus
675 2419 788 2492 debita,
810 2422 877 2486 dicu
898 2420 950 2482 esse
991 2420 1164 2496 „.Clerici‚
1196 2419 1321 2483 timeant
1341 2419 1472 2482 Minislri
1495 2423 1646 2501 Ecclesia,
1666 2431 1717 2509 qui
1741 2430 1772 2493 in

169 2541 191 2572 „
213 2518 359 2582 raptores,
381 2503 412 2564 δι
432 2523 482 2583 per
502 2501 672 2583 consequens
693 2502 782 2566 teneri
818 2506 853 2565 ad
875 2502 950 2564 relli·
988 2547 1012 2578 „
1033 2503 1116 2566 tertis
1137 2500 1326 2574 Studiorum,
1346 2520 1417 2582 quas
1437 2501 1605 2584 possident,
1625 2524 1692 2570 tam
1714 2509 1769 2572 ini·

158 2619 190 2649 η»
212 2582 357 2643 tutionem
380 2584 512 2646 omnium
524 2605 533 2655 3
555 2583 574 2610 ’‘
596 2585 624 2645 S.
647 2584 815 2648 Antoninus
837 2602 947 2667 apert.
990 2627 1009 2659 ‚,
1030 2604 1089 2666 qua
1110 2600 1231 2666 gerunt,
1255 2599 1288 2645 ut
1308 2580 1474 2662 stipendiis,
1496 2605 1559 2667 qua
1580 2585 1705 2653 sufficere
1725 2592 1774 2655 de

169 2658 276 2716 samm.
301 2661 401 2722 Theolo
423 2664 800 2746 .ritul.15-.eap..1.§.19.
823 2667 859 2728 sic
880 2686 947 2748 pra·
989 2708 1009 2740 „
1032 2665 1136 2740 beant,
1160 2663 1281 2727 minime
1303 2662 1434 2726 contenti
1447 2710 1463 2758 ,¹
1479 2664 1637 2750 superflua,
1668 2669 1775 2753 quibus

169 2733 222 2800 cie
242 2733 334 2798 dicit:
355 2780 375 2812 „
428 2743 548 2799 ebonis
566 2786 575 2810 ,
591 2744 654 2829 'seu
684 2743 818 2807 sruslibus
841 2744 947 2808 unae
988 2788 1012 2819 ‚,
1029 2745 1112 2876 egeni
1135 2743 1431 2819 sustentationem,
1454 2747 1562 2829 impie,
1585 2747 1775 2834 sacrilegeque

79 2869 82 2874 ,
166 2858 193 2891 ,‚
213 2815 345 2889 ciorum,
367 2835 428 2895 quae
442 2813 511 2877 daut
520 2813 628 2878 Clerici
643 2821 877 2896 consanguineis,
901 2823 947 2876 vel
966 2889 969 2894 θ
989 2857 1010 2889 ,,
1032 2823 1053 2875 fi
1073 2824 1082 2875 i
1104 2824 1265 2890 retineant,
1290 2824 1320 2880 de
1342 2823 1371 2880 in
1393 2823 1457 2884 usus
1477 2825 1529 2887 soa
1549 2829 1703 2910 superbia,
1725 2851 1771 2895 at-

170 2939 193 2970 „
214 2893 345 2958 Personis
365 2894 522 2975 turpibus,
554 2910 651 2957 utrum
674 2896 703 2954 in
724 2896 818 2957 dando
844 2938 852 2967 ,
884 2915 947 2975 pec·
989 2935 1010 2968 „
1030 2896 1219 2975 queluxuriae
1239 2897 1349 2961 vidium
1365 2918 1521 2982 pauperum
1534 2906 1700 2974 consumere
1712 2932 1773 2975 non

170 3018 192 3050 „
213 2995 298 3050 cent,
321 2978 352 3039 dt
372 2992 523 3039 teneantur
543 2972 578 3035 ad
601 2972 841 3036 reslitutionem?
868 2971 949 3055 super
993 3017 1012 3047 „
1034 2991 1187 3036 vereantur
1203 2997 1216 3045 ,ς
1247 2976 1355 3055 duplici
1377 2981 1504 3055 profesio
1535 2985 1688 3068 iniquitate
1708 3012 1772 3074 pec·

169 3099 191 3132 „
213 3057 269 3119 huc
288 3056 361 3121 dicit
382 3054 597 3138 Raymundus,
629 3054 707 3136 quod
729 3053 867 3128 Clerici,
897 3051 948 3130 qui
990 3096 1013 3127 „
1034 3071 1152 3127 cantes,
1174 3052 1252 3134 quod
1273 3055 1305 3116 lit
1324 3054 1419 3116 aliena
1439 3060 1602 3142 diripiunt,
1625 3070 1656 3129 δι
1678 3073 1772 3138 Sacris

169 3179 192 3213 „
213 3136 428 3220 consanguineis
449 3137 692 3218 potentibus...
715 3133 791 3198 buna
813 3133 949 3197 Ecclesia·
989 3177 1012 3208 „
1034 3133 1064 3195 in
1086 3132 1141 3198 suis
1162 3135 1340 3198 vanitatibus
1365 3180 1374 3212 ,
1405 3137 1437 3198 dt
1457 3141 1682 3223 turpitudinibus
1702 3150 1770 3213 abu·

171 3262 193 3295 „
215 3219 282 3281 ilica
304 3217 477 3302 pauperibus
498 3216 594 3280 debita
611 3261 619 3291 ,
639 3216 770 3278 tribuunt
792 3262 801 3292 ,
822 3234 949 3299 raptores
992 3257 1010 3289 „
1035 3232 1151 3278 tantur.
1173 3215 1192 3242 '’
1214 3215 1255 3279 Et
1277 3216 1353 3280 idem
1376 3218 1588 3299 Eprfl.42.litt.
1610 3231 1658 3289 M.
1680 3228 1772 3292 dicit:

170 3343 190 3375 ,‚
214 3297 294 3376 sunt,
339 3302 386 3364 uia
406 3297 545 3379 quidquid
566 3297 675 3360 Clerici
697 3296 820 3371 babent,
843 3317 948 3380 paupe·
990 3338 1011 3370 „
1034 3296 1173 3360 Clamant
1195 3317 1264 3360 vero
1278 3297 1366 3373 nudi,
1388 3298 1516 3366 clamant
1537 3302 1680 3384 famelici,
1703 3331 1772 3374 cun·

170 3424 191 3456 „
213 3401 277 3442 rum
299 3321 368 3456 ei,
403 3380 476 3442 dicii
508 3378 707 3457 Hieronymus
732 3382 777 3439 16.
800 3379 895 3459 quasi.
923 3399 947 3439 i.
991 3419 1012 3451 „
1032 3394 1221 3520 queruntur,
1252 3379 1404 3441 &dicunt
1427 3383 1771 3471 noslrumcslquodes.

169 3505 190 3537 „
213 3481 276 3545 cap.
300 3460 404 3534 finali,
425 3482 493 3522 nani
516 3460 685 3543 pauperibus
706 3458 844 3522 debetur.
865 3457 950 3520 Unde
991 3500 1013 3532 ι,
1032 3458 1152 3528 ,ιιιιάἰιίε
1171 3503 1180 3536 ,
1200 3459 1282 3523 nobis
1302 3460 1454 3525 crudeliter
1470 3462 1673 3546 subtrahitur,
1693 3475 1773 3553 quod

169 3544 246 3618 „ad
270 3541 479 3606 restitutionem
510 3559 644 3604 tenentur
675 3540 871 3622 pauperibus,
904 3538 949 3604 vel
992 3582 1013 3612 ‚,
1030 3538 1164 3602 ¹inaniter
1200 3540 1455 3623 expenditis.·..
1488 3547 1552 3610 vite
1581 3552 1675 3613 nostra
1695 3552 1773 3617 cedit

172 3666 190 3699 ,‚
211 3621 243 3684 in
264 3621 425 3687 utilitatem
448 3621 681 3686 Ecclesia...&
702 3639 821 3701 peccant
843 3639 952 3683 morta·
993 3663 1015 3694 ‚‚
1037 3620 1119 3684 vobis
1142 3620 1171 3680 in
1193 3619 1344 3702 superfluas
1364 3623 1483 3718 copias3
1504 3628 1604 3692 nolitis
1628 3632 1772 3696 necessita.

168 3747 190 3778 ,‚
215 3702 299 3767 liter.
324 3704 343 3730 ’'
365 3705 406 3766 Et
417 3704 452 3766 ad
464 3705 492 3765 id
513 3704 625 3787 optime
648 3701 717 3765 satit
738 3705 796 3775 jam
818 3700 953 3764 addonis
992 3699 1114 3774 „tibus
1135 3700 1325 3777 detrahitur,
1358 3705 1498 3788 quidquid
1529 3710 1637 3774 accedit
1659 3714 1778 3778 vanita·

170 3784 272 3847 Petrus
291 3783 424 3848 Blesensis
439 3784 523 3867 Epist.
539 3810 583 3864 ιι.
599 3783 648 3847 ubi
658 3784 694 3856 sic
715 3783 821 3846 babet:
845 3827 865 3857 „
887 3784 950 3844 Hu·
993 3781 1111 3855 „tibus
1141 3784 1269 3847 velltis.
1306 3784 1372 3849 Duo
1401 3787 1527 3881 denique
1561 3792 1640 3854 mala
1660 3793 1693 3857 de
1715 3816 1773 3858 unu

170 3908 190 3940 ‚,
212 3865 258 3927 die
281 3887 333 3949 pro
357 3865 472 3941 Filiis,
505 3886 578 3946 quos
610 3863 723 3926 abllulit
746 3865 873 3926 Praelaris
896 3864 951 3927 Ee-
993 3905 1015 3941 „
1036 3863 1178 3946 prodeunt
1208 3865 1300 3931 radice
1331 3867 1526 3950 cupiditatis,
1557 3871 1625 3936 dum
1657 3875 1688 3936 a
1721 3895 1774 3939 vos

168 3989 190 4020 ,‚
213 3946 300 4009 clesiae
322 3946 399 4011 Deus
424 3946 568 4022 ,babent
591 3947 720 4028 Nepotes
742 3946 771 4006 in
794 3944 951 4086 dissipatio·
993 3943 1194 4018 „vanitando
1253 3947 1347 4022 ritis,
1376 3948 1406 4010 δι
1438 3970 1490 4013 nos
1520 3950 1673 4033 spoliando·
1699 3957 1771 4038 peri·

169 4068 190 4101 ,‚
213 4049 279 4090 nem
302 4027 476 4092 Patrimonii
498 4026 637 4102 Clirilli,
668 4026 699 4087 δι
726 4025 759 4086 in
782 4023 833 4089 sua
865 4025 952 4088 alutis
993 4023 1118 4099 „mitis
1141 4070 1149 4087 .
1173 4025 1192 4053 ''
1233 4029 1463 4111 ‚Hieronymus
1484 4034 1515 4092 in
1544 4050 1602 4116 cap.
1629 4055 1656 4113 5.
1677 4034 1769 4098 nucu

170 4107 390 4192 „dispendium
413 4108 645 4192 permittuntur:
677 4106 695 4134 ’³
716 4109 781 4169 uid.
798 4111 863 4190 fiap.
884 4110 950 4168 Art.
991 4103 1028 4166 src
1047 4106 1123 4168 ait:
1155 4108 1268 4182 „Tibi
1300 4111 1475 4178 u„Saoetdos
1504 4112 1539 4175 de
1569 4113 1668 4177 Altari
1690 4115 1771 4178 vire·

171 4191 213 4249 ll.
236 4218 264 4253 n.
284 4213 329 4268 27.
355 4193 402 4252 28.
992 4230 1013 4262 „
1043 4208 1106 4261 re,
1148 4205 1179 4250 ut
1211 4189 1277 4254 vult
1308 4191 1336 4252 S.
1360 4191 1463 4254 Paulus
1491 4236 1500 4267 ,
1536 4214 1594 4256 non
1634 4195 1771 4258 luxuriari

100 4289 150 4345 a4
212 4274 354 4348 Quarto,
388 4270 577 4334 beneficiatus
611 4290 667 4332 non
701 4268 792 4350 potesl
814 4269 868 4331 fine
890 4288 951 4352 pec·
994 4311 1014 4343 ‚,
1036 4266 1244 4351 permittitur.
1282 4270 1302 4298 ’'
1322 4274 1351 4334 S.
1374 4272 1507 4335 Thomas
1526 4273 1649 4356 quodlib.
1665 4281 1693 4336 6.
1715 4295 1770 4340 art.

169 4370 237 4415 cato
259 4352 384 4416 redditus
406 4348 622 4434 superfluostsui
653 4348 787 4413 Beneficii
816 4350 952 4432 expende·
999 4368 1045 4410 12.
1067 4353 1099 4412 io
1119 4367 1187 4431 corp.
1208 4350 1248 4411 ad
1266 4375 1297 4430 4.
1321 4352 1417 4434 inquit
1447 4376 1456 4416 τ
1489 4398 1508 4430 „
1542 4356 1644 4435 Neque
1675 4357 1772 4421 mode·

170 4455 200 4496 re
223 4434 251 4495 in
275 4432 441 4507 excessivis,
473 4436 503 4497 δι
524 4431 702 4513 voluptuofis
722 4430 890 4506 conviviis,
922 4431 952 4492 in
993 4472 1014 4504 „
1037 4446 1114 4492 retiis
1136 4428 1399 4505 ususdiviriarum‚
1424 4454 1514 4514 neque
1536 4435 1610 4497 bona
1631 4433 1697 4499 fides
1714 4433 1770 4496 dis·

164 4513 259 4576 Ludis
281 4560 289 4589 ,
310 4516 476 4586 Theairis,
506 4516 536 4578 δι
567 4512 699 4595 amplis,
731 4513 763 4575 δι
785 4512 953 4596 sumptuosis
992 4553 1015 4586 „
1035 4511 1219 4594 pensatorum
1241 4509 1344 4579 salvari
1367 4513 1521 4580 videturiu
1542 4536 1597 4590 eo,
1615 4518 1666 4595 qui
1683 4511 1771 4579 scien·

166 4594 309 4673 Palatiis,
331 4597 362 4661 δι
384 4597 541 4673 sunilibus.
563 4594 724 4679 Colligitur
744 4617 777 4662 ert
796 4612 855 4678 cap.
875 4598 948 4678 Apo
989 4609 1078 4668 ,stet
1108 4590 1261 4677 superfluas
1290 4593 1423 4677 rumosas
1442 4593 1510 4659 sacit
1532 4594 1563 4656 in
1592 4593 1770 4676 roluotuofis

1204 4679 1221 4700 '⁸
1657 4694 1730 4739 cun·

1787 1423 1789 1454 l
