4025 5284
320 115 409 222 ·476
603 103 986 213 autumentur,
1014 103 1345 210 atuaticis,
1375 99 1497 190 ier.
1527 99 1597 188 ii.

249 271 270 303 „
293 226 411 288 iitrerae
433 219 498 306 ipsa
507 221 870 308 perptaeoccupationem,
895 219 942 284 vel
964 217 1036 282 alias
1076 264 1097 297 „
1120 218 1204 282 misso
1223 220 1310 294 Jute,
1342 216 1399 280 five
1428 235 1498 280 tuuc
1518 231 1621 290 vacet,
1652 210 1699 277 vel
1720 231 1790 276 cuin
1811 234 1863 279 va·

249 350 270 384 ,‚
293 305 389 369 miuus
409 304 481 369 bene
509 303 648 386 eipeditae
670 301 870 397 reperiantur,
903 300 938 362 ad
968 298 1035 363 illo·
1076 344 1097 377 „
1129 299 1259 375 caverit,
1291 296 1529 382 impetrationes,
1559 296 1650 363 etiam
1683 310 1769 359 motu
1799 314 1865 378 pro·

252 432 273 465 „
295 408 381 460 rum,
403 406 528 469 quorum
544 383 673 457 interest,
697 380 883 455 instantiam,
905 380 1036 463 adApo·
1077 426 1097 459 ,‚
1120 383 1186 477 prio
1209 381 1284 444 insra
1306 377 1452 453 mensem,
1481 394 1549 441 aure
1569 372 1783 441 concessionem
1813 375 1866 438 bu·

250 511 270 546 „
293 465 421 532 llolicaru
442 462 653 527 Cancellariam
685 459 797 524 remitti
818 476 954 543 poterunt
986 482 1037 543 pet
1076 461 1242 540 „jusmodi
1282 458 1361 524 sassa
1399 457 1508 522 nullius
1546 455 1598 521 siut
1632 455 1777 532 roboris,
1817 456 1866 521 vel

252 593 272 627 „
294 550 353 621 ejus
373 544 543 617 Officiales,
573 541 676 623 quibus
706 539 870 616 hujusmodi
899 560 1032 617 tenores,
1074 587 1095 622 ,‚
1119 543 1286 609 momenti.
1319 543 1361 605 Et
1390 537 1582 604 nibilominus
1611 538 1732 622 cupieris
1761 556 1865 602 eorum

251 674 272 707 „
292 630 325 690 oe
353 625 460 686 formas
490 622 654 705 restringere
682 623 838 701 convenit,
870 624 907 687 ad
926 623 1034 689 formas
1073 624 1262 703 „fraudibus
1292 621 1441 698 obviare,
1471 621 1523 704 qui
1552 619 1721 685 viventium
1752 618 1863 684 Benefi-

252 753 274 786 „
293 703 405 771 debitas
425 703 608 768 reducenda.
738 756 749 773 .
1076 751 1098 786 „
1120 707 1183 782 cia,
1206 706 1328 769 illorum
1339 700 1518 788 presertim,
1549 699 1654 784 quibus
1673 717 1724 765 aut
1744 719 1864 799 propter

1077 833 1098 868 ‚,
1121 787 1252 863 senium,
1284 802 1336 848 aut
1357 800 1476 869 propter
1495 781 1700 846 infirmitatem
1724 782 1857 848 immine·

341 870 387 929 De
408 869 524 954 Regalis
543 868 724 932 Cancellariae
739 867 945 951 producendis.
1075 914 1096 947 „
1119 885 1162 932 ret
1183 869 1252 933 vita
1272 865 1452 951 periculum,
1474 864 1658 947 impetrant,
1681 878 1714 936 ut
1734 862 1792 928 illis
1810 866 1857 932 de·

1074 995 1096 1028 „
1117 948 1302 1014 candentibus
1323 964 1473 1030 tamquam
1493 944 1690 1028 collirigtntes
1710 944 1741 1007 in
1762 967 1862 1011 eorum

289 1032 439 1095 XXVIII.
459 1075 480 1106 ‚,
504 1034 580 1095 Item
610 1033 758 1096 attendens
788 1029 827 1094 D.
860 1035 901 1096 N.
933 1032 1034 1113 Papa,
1076 1074 1097 1108 „
1119 1030 1228 1106 iuribus
1257 1028 1369 1092 sacilius
1403 1026 1621 1108 subrogentur3
1656 1025 1796 1103 Voluit,
1830 1045 1864 1092 ut

249 1159 270 1191 „
315 1111 371 1175 uod
401 1111 481 1195 super
503 1113 638 1178 habendis
672 1114 706 1177 de
726 1112 908 1176 cancellaria
929 1112 1033 1207 Apoll.
1075 1156 1096 1190 „
1119 1112 1252 1195 deinceps
1272 1109 1368 1173 nullus
1388 1110 1420 1172 in
1440 1108 1528 1185 Jure,
1559 1105 1607 1172 vel
1628 1107 1663 1171 ad
1683 1107 1734 1180 Jus
1756 1107 1787 1170 in
1811 1107 1864 1170 Bc·

249 1239 269 1270 „
292 1132 337 1256 ie
358 1191 431 1274 ulis,
454 1193 485 1256 dt
506 1194 770 1259 Couslitutionibus
792 1193 863 1256 inibi
885 1193 1034 1276 descriptis
1074 1236 1095 1270 „
1116 1191 1220 1257 neficio
1241 1189 1389 1266 desuniii,
1421 1190 1500 1271 quod
1530 1187 1583 1252 illo
1605 1188 1724 1254 vivente
1755 1189 1787 1252 in
1817 1208 1865 1253 ca·

247 1318 269 1352 „
290 1213 415 1341 ociter
435 1294 487 1359 per
507 1296 574 1352 eos,
596 1275 648 1358 qui
669 1275 699 1336 iu
721 1276 858 1339 Romana
877 1275 969 1340 Curia
990 1274 1033 1336 in·
1073 1318 1095 1352 „
1118 1274 1189 1338 sibus
1218 1270 1394 1356 premitis,
1429 1269 1477 1336 vel
1513 1268 1652 1335 fimilibus
1686 1269 1864 1352 impetrave-

248 1399 269 1433 „
293 1355 461 1438 diguerint,
493 1357 529 1420 ad
551 1355 641 1440 ipsam
664 1355 877 1419 cancellariam
909 1354 1034 1421 recursus
1067 1400 1094 1434 „
1117 1356 1175 1431 rit,
1207 1355 1306 1436 aliquo
1337 1352 1425 1416 modo
1457 1350 1644 1436 subrogetur,
1673 1372 1707 1415 ac
1728 1350 1812 1417 subto
1834 1375 1864 1418 a·

248 1480 270 1513 „
290 1435 379 1518 dirigi
410 1438 525 1522 potest,
555 1458 608 1500 nec
638 1434 799 1500 consultum
830 1437 922 1514 soret,
977 1437 1034 1501 uod
1073 1482 1094 1518 „
1117 1437 1183 1512 tio,
1215 1436 1262 1503 vel
1283 1434 1397 1518 gratia,
1435 1433 1600 1507 fineutri,
1630 1434 1652 1495 ii
1682 1433 1784 1514 nulli,
1814 1375 1866 1502 ieri

247 1560 269 1597 „
289 1516 373 1602 super
403 1518 568 1582 earumdem
599 1517 793 1599 Regularum,
825 1520 856 1582 ἃ
885 1459 1032 1582 Coniitu·
1073 1562 1094 1598 „
1117 1539 1200 1584 nova
1220 1518 1411 1603 provisionis,
1432 1531 1483 1578 aut
1504 1513 1620 1598 perinde
1641 1514 1759 1592 valere,
1793 1517 1860 1581 tali·

247 1598 407 1677 „tionum
439 1601 530 1680 (quat
557 1602 640 1674 juxta
659 1598 832 1663 varietatem
862 1620 1032 1666 concurreu·
1071 1644 1094 1679 „
1117 1617 1161 1664 ter
1182 1597 1353 1683 impetranti
1374 1597 1539 1661 nullatenus
1558 1593 1626 1658 sutsr
1662 1607 1753 1738 “Kb
1780 1598 1862 1682 quod

246 1723 268 1758 „
286 1680 365 1743 tium
395 1676 564 1756 causarum,
601 1680 632 1743 oe
659 1681 842 1762 negotiorum
875 1679 1031 1763 aliquoties
1070 1725 1092 1760 „
1114 1680 1204 1743 etiam
1226 1676 1546 1743 strisiissimeobservari
1569 1617 1719 1743 mediavit
1743 1679 1773 1742 'n
1805 1681 1860 1743 iiu-

244 1808 265 1842 ‚,
289 1759 441 1823 immutari
462 1762 626 1840 convenit)
654 1760 801 1843 probando
831 1777 947 1839 tenore,
981 1762 1029 1827 vel
1070 1805 1091 1841 ,‚
1115 1761 1327 1844 petrationibus
1338 1757 1547 1825 Beneficiorum
1570 1778 1620 1843 per
1641 1760 1859 1842 privationem,

243 1888 265 1922 „
286 1840 387 1916 eliitiu
416 1842 533 1905 tellium
554 1841 724 1927 plerumque
758 1859 888 1908 tenacem
912 1842 977 1909 desu
1016 1864 1030 1906 r
1069 1887 1091 1922 „
1113 1841 1346 1907 &amotionem
1376 1863 1410 1905 cii
1427 1838 1580 1923 quibusvis
1602 1840 1788 1919 criminibus,
1825 1844 1861 1907 ἃ

242 1922 460 2005 „memoriam
489 1944 548 1987 non
578 1923 774 1998 habentium,
804 1865 1030 2010 depofirionilis
1070 1969 1090 2004 „
1115 1922 1267 1987 excessibus
1289 1919 1382 1986 sorsin
1404 1920 1599 2005 perpetratis,
1630 1922 1741 1985 etiamsi
1769 1922 1859 2007 usque

242 2050 263 2085 ‚,
286 2003 351 2067 llari
373 2004 504 2081 deberet,
528 2002 643 2080 voluit,
665 2006 788 2084 slatuit,
810 2007 1028 2085 deordinari,
1070 2050 1091 2084 „
1114 2007 1148 2069 ad
1170 2002 1353 2070 definitivam
1374 2001 1570 2076 sententiam,
1602 2021 1667 2083 qua
1696 2021 1788 2067 rameri
1822 2006 1857 2069 iu

241 2132 263 2167 „
285 2086 363 2227 quod
384 2086 515 2170 deinceps
557 2084 659 2150 uilibet
679 2109 714 2150 err
737 2088 931 2155 Auditoribus
964 2112 1030 2154 cau·
1070 2132 1091 2165 „
1115 2107 1176 2152 rem
1208 2107 1267 2151 non
1297 2084 1460 2150 transiverit
1488 2082 1667 2163 judicatam,
1695 2086 1856 2170 processum

241 2213 263 2250 „
298 2187 379 2232 arum
411 2167 516 2250 Palatii
611 2167 725 2241 stolici,
756 2167 787 2230 te
808 2169 858 2231 alii
889 2173 1030 2249 (etiarnsi
1069 2212 1090 2248 „
1113 2167 1208 2233 soret.

241 2293 263 2328 ‚,
286 2247 315 2310 S.
337 2250 375 2313 R.
409 2249 446 2311 E.
478 2249 532 2311 sint
588 2247 752 2325 ardinales)
784 2248 812 2329 in
848 2250 908 2334 ipsa
938 2256 1030 2318 Curia
1449 2287 1455 2292 ·

240 2374 262 2410 „
285 2347 339 2412 pio
361 2347 491 2426 tempore
511 2328 656 2413 deputatis
686 2329 858 2395 auiioritate
877 2335 1028 2416 Apostoli·
1281 2337 1326 2396 De
1348 2333 1499 2412 verosimili
1518 2336 1648 2398 Neritia.

241 2454 262 2491 ‚,
284 2430 320 2472 ca
339 2410 353 2483 J
358 2410 509 2486 udicibus,
534 2410 625 2474 etiam
648 2410 677 2472 in
699 2409 798 2474 caussis
819 2415 884 2476 assu
903 2415 1029 2498 penden-
1301 2475 1317 2505 0

240 2535 261 2573 ‚,
283 2490 381 2567 tibus,
405 2490 486 2577 super
507 2490 816 2569 hujusmodireiore,
849 2494 896 2560 vel
928 2494 1030 2570 elsestu
1110 2496 1204 2563 XXX.
1225 2539 1246 2572 „
1279 2497 1356 2561 Item
1378 2496 1493 2572 voluit,
1526 2498 1557 2561 δι
1577 2496 1747 2573 ordinavit,
1777 2498 1859 2574 quod

239 2615 259 2652 „
282 2572 430 2713 probando
450 2574 603 2638 dumtaxat
624 2573 696 2652 llet,
729 2574 871 2659 fidemque
892 2577 1029 2644 adhibeat
1069 2620 1090 2655 „
1111 2598 1212 2642 omnes
1234 2577 1352 2656 gratia,
1384 2598 1456 2660 quas
1486 2578 1521 2640 de
1539 2578 1685 2660 quibusvis
1706 2576 1855 2641 Beneficiis
1880 2639 1885 2649 ,

239 2697 260 2732 ,,
294 2653 443 2731 cbedulae,
475 2653 522 2719 seu
553 2653 696 2739 scriptura
724 2655 841 2741 desuper
870 2681 888 2721 a
917 2659 1028 2726 duobus
1069 2701 1089 2734 ‚,
1112 2658 1313 2723 Eccleliallicis
1343 2680 1410 2721 curri
1442 2659 1549 2740 Cura,
1585 2660 1630 2724 vel
1659 2657 1852 2740 Regularibus

237 2778 259 2813 „
282 2736 401 2810 majoris
424 2735 626 2810 presidentia,
647 2737 726 2817 quod
747 2738 840 2797 danda
862 2740 916 2810 sit,
938 2763 956 2800 a
970 2760 1026 2802 rer·
1067 2781 1088 2812 „
1112 2762 1163 2820 per
1183 2740 1296 2802 obitum
1318 2759 1559 2820 quarumcumque
1581 2737 1770 2803 Personarum
1801 2758 1852 2801 va·
1903 2765 1907 2776 =

236 2857 259 2892 „
281 2835 319 2896 go
340 2816 471 2898 signarit,
505 2815 537 2876 δι
556 2816 647 2877 etiam
678 2814 828 2879 advobus
849 2813 914 2879 aliis
934 2818 1027 2883 Litte·
1070 2860 1091 2894 „
1115 2820 1247 2883 cantibus
1279 2822 1314 2882 iu
1330 2838 1414 2882 antea
1435 2819 1556 2894 fecerit,
1584 2819 1691 2882 nullius
1720 2816 1851 2892 roboris,

237 2938 258 2972 „
282 2915 378 2958 rarum
414 2893 648 2979 Apostolicarum
691 2895 952 2960 Abbreviaroiibus
995 2901 1025 2963 iu
1066 2942 1087 2976 „
1110 2899 1157 2964 vel
1180 2900 1322 2963 momenti
1345 2900 1417 2977 sint,
1440 2900 1493 2962 nisi
1513 2899 1573 2983 poll
1593 2899 1729 2974 obitum,
1752 2899 1783 2960 be
1802 2919 1853 2960 an·

236 3021 258 3054 „
281 2973 342 3058 ipsa
361 2974 543 3039 cancellaria
574 2973 754 3048 auscultata,
788 2976 819 3038 ἅ
840 2976 1025 3052 Vicecancel·
1068 3024 1088 3056 „
1112 2979 1259 3044 teDaram
1280 2981 1439 3062 gratiarum
1462 2978 1625 3055 hujusmodi
1646 2995 1856 3044 tantumtem-

236 3101 257 3133 ‚,
280 3055 375 3131 larii,
412 3054 459 3119 seu
497 3051 604 3116 diuam
639 3054 850 3119 cancellariam
886 3058 1025 3125 Revcuiis
1066 3104 1088 3137 „
1111 3082 1163 3142 pus
1184 3060 1344 3137 eslluieiir,
1365 3065 1444 3142 quod
1466 3060 1582 3124 interim
1597 3062 1763 3127 vacationes
1784 3059 1855 3144 ipsa:

235 3180 257 3214 ‚,
279 3155 368 3200 manu
388 3133 570 3227 subscripta,
603 3152 637 3198 ut
653 3136 759 3231 ‘moris
788 3137 850 3209 est3
880 3109 1023 3225 quidquid
1064 3184 1085 3218 „
1108 3141 1143 3204 de
1167 3142 1255 3217 locis,
1279 3141 1309 3204 in
1329 3143 1433 3224 quibus
1455 3141 1581 3205 Persona
1600 3143 1739 3227 praediiiur
1758 3137 1854 3205 deces-

235 3259 257 3294 „
278 3231 376 3280 autem
400 3213 476 3280 secus
498 3212 559 3277 fieri
580 3234 756 3300 contigerit,
789 3216 898 3283 nullius
919 3223 952 3289 fit
974 3244 1021 3288 ro
1062 3266 1082 3301 „
1106 3221 1211 3298 serint,
1242 3222 1279 3285 ad
1300 3223 1439 3287 notitiam
1470 3222 1594 3298 ejusdem
1616 3227 1645 3287 S.
1671 3225 1706 3287 D.
1729 3224 1771 3288 N.
1801 3244 1856 3290 ve·

236 3340 258 3375 n
279 3295 378 3376 boris,
400 3295 448 3361 vel
468 3295 639 3360 momenti.
1065 3348 1085 3383 „
1109 3304 1275 3374 rosunilirer
1294 3305 1441 3388 potuerint
1462 3305 1630 3391 pervenire.

368 3466 413 3525 De
428 3460 613 3545 subrogandis
633 3465 886 3551 Collitr'gautibus.
1145 3474 1209 3536 Nou
1228 3471 1342 3535 valeant
1363 3473 1565 3552 Commiffioues
1587 3473 1766 3553 Causarum,

1275 3552 1332 3630 urst
1348 3556 1463 3616 Litteris
1481 3552 1636 3636 expeditis.

273 3627 386 3691 XXIX.
408 3672 428 3704 „
451 3629 529 3693 Item
549 3628 589 3691 D.
611 3629 654 3692 N.
687 3628 804 3714 cupiens
831 3633 930 3698 litium
953 3631 1021 3698 suc·
1063 3681 1069 3692 .

237 3750 258 3784 „
280 3707 373 3771 cidere
395 3705 557 3803 ansraslus,
588 3711 619 3773 δι
639 3733 675 3775 ue
696 3713 766 3777 novi
789 3714 1022 3810 collltigantibus
1101 3716 1215 3779 XXXI.
1236 3759 1257 3792 „
1288 3715 1366 3781 Item
1396 3719 1475 3801 quod
1504 3737 1636 3790 ornnes,
1671 3716 1703 3779 ἃ
1734 3709 1857 3794 singula

234 3829 254 3863 „
276 3787 428 3882 adversarii
460 3790 586 3867 dentur,
617 3792 792 3875 providere,
821 3796 936 3870 voluit,
967 3797 1020 3859 sla-
1062 3841 1082 3874 „
1103 3796 1319 3861 commissiones
1338 3795 1503 3877 causarum,
1535 3819 1607 3882 quas
1629 3796 1660 3859 in
1680 3812 1765 3860 antea
1786 3793 1859 3858 fieri

232 3911 253 3943 „
276 3885 355 3962 tuit,
385 3871 416 3933 dt
444 3872 611 3950 ordinavit,
642 3875 721 3956 quod
741 3876 856 3957 quoties
885 3877 1019 3950 deinceps
1059 3922 1079 3956 „
1101 3878 1277 3962 contigerit,
1299 3879 1446 3955 obtenta,
1478 3879 1526 3947 vel
1555 3879 1701 3944 occasione
1732 3871 1855 3940 conces-

232 3990 253 4024 „
275 3949 407 4046 aliquem'
425 3949 515 4047 ‘super
542 3953 647 4050 quovis
677 3955 820 4022 Beneficio
841 3958 1015 4023 Ecclesialli·
1055 4002 1076 4037 „
1098 3959 1209 4027 sionutrr
1240 3959 1391 4025 dumtaxat
1415 3960 1648 4045 Apostolicaium
1678 3961 1714 4022 de
1736 3954 1853 4021 Benefi-

231 4071 253 4105 „
275 4051 312 4094 co
342 4031 555 4113 collitigantem
586 4056 615 4097 in
636 4035 724 4112 Jure,
756 4038 801 4102 vel
832 4041 868 4104 ad
889 4041 962 4118 Jus,
993 4042 1016 4103 o
1057 4041 1153 4118 „ciis
1184 4041 1385 4105 Ecclesiasticis
1414 4042 1596 4126 gratiarum,
1629 4040 1710 4125 supet
1740 4038 1853 4122 quibus

230 4152 252 4187 „
273 4111 351 4206 quod
373 4109 469 4210 forsan⁸
486 4116 731 4190 ejus'adversario
754 4118 784 4181 in
806 4119 883 4185 dicto
906 4121 1016 4187 Benefi.
1058 4122 1218 4200 „Littera
1247 4122 1423 4207 Apostolicte
1456 4122 1590 4210 cpnsesire
1623 4143 1683 4186 non
1714 4119 1823 4185 suerint
1837 4163 1849 4195 ,

230 4232 251 4267 „
273 4212 321 4255 cio
342 4197 545 4288 competperir,
568 4187 712 4282 subrogari
731 4201 813 4266 conti
834 4202 890 4266 erit
908 4202 1018 4346 fidum·
1058 4246 1079 4281 „
1103 4225 1136 4267 ac
1164 4204 1304 4288 processus
1334 4201 1449 4287 desuper
1478 4205 1622 4284 habendi,
1654 4202 1761 4270 nullius
1789 4200 1851 4264 ΕΜ

229 4314 250 4348 ,,
275 4273 365 4372 modo
387 4274 535 4356 pradittus
554 4278 720 4364 collitigans
756 4282 786 4344 in
808 4224 885 4347 itero
931 4286 1017 4349 enefi·
1059 4328 1080 4363 „
1104 4284 1233 4364 roboris,
1254 4285 1301 4353 vel
1324 4289 1488 4355 momenti.

229 4398 249 4431 „
273 4377 321 4420 cio
343 4353 466 4418 intrusus
487 4376 544 4419 nou
567 4358 669 4439 suerit,
702 4384 754 4427 nec
777 4361 860 4449 super
889 4387 925 4429 eo
946 4387 1016 4431 con·
1166 4385 1172 4398 ·

229 4477 250 4512 „
272 4454 318 4500 tra
355 4435 464 4532 diiiuip
496 4436 719 4518 adversarium,
756 4448 906 4529 poslquarn
944 4447 1018 4520 illud

229 4560 250 4594 „
272 4537 321 4599 per
342 4518 501 4583 triennium
569 4516 650 4581 cifrce
679 4523 846 4603 possederit,
880 4528 915 4591 lis
944 4544 1015 4592 tunc

227 4637 249 4678 „
271 4614 353 4662 mota
372 4597 483 4680 fucrit)
514 4600 641 4695 ajorum
661 4603 874 4686 quorumtibea
888 4607 922 4670 de
942 4627 1013 4690 pre-
