4025 5284
518 91 1388 201 uentum,men
1632 104 1714 277 W

985 206 1097 270 constet
1118 204 1227 268 incolas
1248 205 1365 270 alterius
1386 204 1564 286 Provinciae,
1596 235 1632 280 ve
1675 218 1768 302 Regni

329 295 363 357 R
383 309 403 353 n
424 296 449 351 'l'
469 305 482 350 t
504 298 690 350 curae
730 285 783 348 ΙΙ.
985 285 1078 350 secisl‘e
1100 285 1254 361 injuriam,
1276 285 1323 352 vel
1338 285 1476 349 damnum
1500 288 1640 359 intulisse.
1663 298 1807 387 Secun9

985 367 1040 441 da,
1063 382 1096 430 ut
1118 367 1191 431 alter
1210 369 1294 440 Rex,
1316 366 1362 431 vel
1378 364 1550 451 Respublica
1571 372 1606 435 de
1627 375 1682 440 hoc
1704 403 1765 445 nro-

168 456 239 534 Quo
259 453 293 517 ad
325 471 360 515 ee
388 470 452 533 que
479 447 557 513 circu
594 446 704 513 be'llutn
733 446 837 511 debent
863 492 873 525 ,
913 448 945 513 δι
984 448 1043 512 niti
1065 446 1223 512 satisfacere
1244 447 1428 530 culpabiliter
1457 449 1614 529 recusent,
1646 457 1695 519 vel
1716 482 1763 523 ne.

244 534 313 609 jusle
331 531 463 617 possunt,
485 530 533 597 rel
553 550 612 593 non
626 528 738 614 possunt
750 530 861 613 Reges,
984 529 1116 612 gligant.
1137 529 1260 605 Tertia,
1282 546 1384 592 utnon
1400 524 1539 595 inseratur
1559 532 1623 616 plus
1642 535 1761 616 ἀιιιιιιὶ,
1788 568 1825 610 10

436 611 475 675 Bt
496 610 662 697 Principes.
983 631 1074 692 quarn
1093 607 1326 682 jullasatissasiio
1341 608 1480 693 requirit.
1502 612 1632 690 Quarta,
1655 635 1688 682 ut
1704 643 1765 684 non
1779 624 1822 690 ἰι

983 689 1177 753 concedantur
1208 689 1245 751 in
1270 687 1400 771 personas
1431 690 1662 771 Ecclesrallicas,
1695 701 1766 782 quia

116 802 140 844 ι
231 775 308 872 Eget
327 774 425 861 primo
446 772 572 851 debent,
593 790 749 857 antequam
769 772 877 838 bellurn
896 772 941 835 in·
984 766 1134 853 represalia
1147 770 1290 846 concedi,
1313 772 1344 834 δι
1360 769 1479 834 extendi
1499 792 1600 837 contra
1629 776 1766 846 Personas

163 789 229 922 R
253 857 383 942 etpiant,
406 854 490 920 omni
510 855 661 937 diligentia
681 876 797 933 curare,
818 872 852 917 ut
871 851 943 918 certi
985 851 1215 928 Ecclefiassicas,
1236 850 1285 916 vel
1307 872 1407 915 eorum
1429 850 1506 916 bona
1525 852 1564 918 esi
1583 859 1765 939 prohibitum

164 941 221 1004 sint
241 939 276 1003 de
295 936 501 1013 eiusjuslitia,
523 938 555 999 dt
608 936 656 1001 avi
677 934 780 1013 causa,
803 957 872 999 nam
891 956 943 997 an·
986 931 1036 997 sub
1056 953 1143 1016 poena
1163 933 1483 999 Excomnrunicationis
1510 934 1578 1018 ipso
1608 938 1676 1008 Jure
1706 942 1765 1008 lara

157 1039 192 1086 te
213 1021 301 1085 talem
323 1018 494 1100 diligentem
513 956 783 1093 constitutorem,
814 1017 846 1080 δι
865 1016 938 1089 iudi·
980 1013 1013 1076 in
1034 1012 1165 1098 personas
1185 1012 1604 1108 particulaees,&1nterdiili
1627 1018 1763 1086 inConr-

157 1104 243 1165 cium
264 1101 300 1165 de'
319 1099 451 1174 jullitia,
473 1098 582 1163 bellum
602 1097 735 1181 aggredi,
765 1098 847 1167 nulla
866 1096 942 1160 ressa
980 1095 1175 1170 munitatem,
1199 1095 1251 1156 nus
1272 1094 1339 1157 ralts
1354 1094 1532 1179 ,praesumpta
1548 1095 1668 1164 licentia
1683 1103 1763 1170 intra

155 1180 327 1246 intentione
347 1178 463 1244 formali
478 1180 655 1245 cohonellari
675 1179 785 1262 potell,
808 1176 940 1243 sedmor·
980 1174 1108 1241 mensem
1130 1175 1192 1257 post
1212 1174 1288 1238 diem
1299 1173 1485 1239 contusionis
1505 1195 1677 1259 revocetur,
1700 1205 1759 1269 cap.

159 1260 230 1328 talis
250 1262 417 1337 temeritas,
439 1261 470 1323 δι
492 1259 632 1334 injustitia
660 1262 716 1336 esi,
738 1259 865 1343 adeoque
887 1281 940 1340 pro
981 1261 1055 1351 upic.
1075 1257 1109 1319 eie
1126 1258 1243 1338 -iujurr'is
1263 1261 1295 1320 t’u
1317 1260 1344 1318 6.
1504 1337 1507 1340 ‚
1804 1273 1806 1275 ’

158 1344 215 1409 hac
236 1341 433 1425 cognoscenda
460 1339 540 1404 belli,
554 1339 668 1416 ,justitia
698 1341 809 1421 praeslat
837 1340 941 1405 habere
1023 1337 1151 1403 Secundo
1170 1334 1284 1420 poliunt
1306 1336 1399 1417 Reges
1420 1337 1450 1400 in
1471 1336 1549 1401 bello
1569 1337 1643 1414 juslo
1715 1344 1760 1412 de.
1785 1373 1823 1417 te

155 1446 221 1491 non
240 1440 357 1488 tantum
378 1421 504 1506 petitos,
527 1419 681 1485 sedetiam
699 1421 821 1503 probos
841 1422 941 1483 Consi·
982 1439 1015 1482 ra
1036 1419 1108 1484 inite
1128 1439 1196 1481 cum
1218 1413 1403 1490 infidelibus,
1423 1418 1456 1481 ἃ
1475 1420 1649 1497 Haereticis,
1681 1427 1698 1486 d
1750 1465 1763 1485 .

158 1505 278 1580 liarios,
302 1527 360 1569 non
382 1502 474 1567 solum
495 1502 633 1578 Civiles,
664 1499 821 1565 sedetiam
842 1502 938 1565 Cano·
979 1502 1069 1566 modo
1087 1502 1144 1563 fint
1163 1498 1195 1561 in
1205 1496 1318 1562 summa
1338 1497 1518 1575 necesitate,
1541 1497 1664 1567 &absit
1685 1502 1776 1585 scau,

92 1608 97 1613 ·
156 1586 261 1662 ninas,
284 1586 315 1649 &
335 1584 452 1650 Theolo
472 1607 531 1660 os,
564 1606 583 1646 a
609 1581 714 1663 quibus
732 1580 868 1644 omnibus
888 1604 937 1646 cu·
978 1581 1096 1658 daltrnt,
1119 1581 1151 1643 δι
1170 1578 1331 1663 periculum
1353 1580 1462 1654 Fidei;
1482 1580 1511 1642 S.
1535 1583 1760 1673 Antoninusg.

158 1686 224 1732 rent
252 1667 391 1740 iustitiam
421 1606 489 1730 beili
520 1662 670 1729 secundum
692 1664 793 1756 Leges⁴
810 1662 938 1726 Canoni-
975 1679 1054 1745 part.
1073 1666 1121 1725 ιιι.
1133 1687 1164 1742 4.
1187 1679 1244 1743 cap.
1261 1682 1288 1724 2.
1311 1663 1340 1740 §.
1365 1682 1412 1725 ιι.
1437 1664 1508 1723 Pure
1537 1662 1661 1739 infideles
1683 1676 1764 1754 paci.

34 1776 52 1799 ν
156 1769 228 1824 cas,
250 1748 281 1809 lit
302 1748 493 1841 Evangelicas
514 1744 691 1821 examinari,
721 1745 754 1806 δι
775 1743 863 1807 ubere
884 1764 937 1826 pro
972 1741 1066 1819 ficut,
1088 1767 1141 1807 nou
1160 1740 1288 1835 dabamus
1304 1764 1431 1824 guttam
1450 1742 1564 1820 assiae,
1595 1771 1645 1810 nee
1656 1754 1764 1832 paffive

158 1826 427 1892 conscientia-educi
443 1828 570 1904 ;.Non,
592 1842 625 1888 ut
646 1824 781 1897 Achab,
811 1823 862 1906 qui
882 1845 934 1887 no
975 1821 1138 1904 uobrfium,
1159 1827 1318 1885 imminente
1326 1823 1569 1902 necessitate-licite
1607 1830 1657 1909 offe
1677 1857 1760 1897 vaca.

157 1909 222 1974 lens
241 1907 400 1974 veridicum
429 1908 582 1971 Micheam
610 1906 705 1970 audire
725 1948 735 1980 ,
757 1901 812 1968 >sed
841 1902 935 1968 solutn
975 1908 1034 1979 νίς
1057 1906 1140 1967 aliter
1159 1927 1212 1965 uon
1231 1929 1245 1976 ,·
1266 1902 1313 1966 Sic
1333 1902 1423 1966 etiam
1446 1902 1533 1968 sentit
1598 1908 1707 1976 icolans
1726 1915 1762 1979 de

158 1988 286 2054 falsarios
306 1988 495 2065 adulatores,
529 1989 559 2051 in
590 1987 667 2052 bello
698 1983 799 2049 misere
820 1984 906 2069 periit
925 1987 1056 2077 30Lyra
1083 1989 1114 2047 iu
1145 2003 1176 2045 t.
1199 2006 1276 2046 uum.
1299 1987 1481 2068 t.Reg.18.
1505 1985 1539 2049 de
1574 1986 1687 2057 Davide
1717 1995 1762 2059 lo.

112 2096 137 2135 e
180 2073 286 2151 .0Reg.
308 2088 369 2153 cap.
386 2092 434 2133 ιι.
456 2065 769 2143 secundusomne&
798 2065 933 2129 aConsi·
975 2085 1066 2148 quens
1087 2064 1133 2128 his
1153 2062 1270 2127 verbis:
1292 2064 1327 2125 iu
1345 2062 1401 2125 tali
1420 2062 1492 2126 bello
1526 2066 1619 2146 (idest
1639 2072 1761 2140 Davidis

155 2094 275 2227 iiariis,
296 2151 460 2215 Cenoniliis
474 2194 490 2227 ,
523 2151 555 2213 dt
575 2147 739 2230 Theologis
769 2145 837 2210 belii
858 2146 935 2220 iusti·
976 2162 1080 2212 contra
1100 2143 1192 2223 Saul)
1208 2142 1280 2227 julie
1343 2165 1402 2209 erat
1420 2147 1497 2211 licite
1518 2153 1563 2211 uti
1582 2149 1760 2235 Phidstbt'no-

154 2233 226 2309 tia,
257 2234 290 2295 &
323 2232 389 2297 ase
410 2233 500 2296 etiam
521 2250 620 2294 coram
642 2229 708 2292 Deo
736 2227 900 2293 examinata
924 2273 934 2306 ,
975 2252 1038 2292 tum
1059 2271 1069 2304 ,
1091 2230 1142 2310 qus
1160 2230 1270 2291 nauti
1341 2228 1405 2304 ses,
1428 2228 1582 2311 consortio,
1614 2232 1653 2296 (J
1681 2241 1762 2299 auxi.

154 2334 210 2400 pro
232 2312 286 2376 tali
306 2315 452 2395 cognita,
474 2310 577 2376 debent
598 2311 691 2391 Reges
720 2308 802 2371 illam
827 2329 938 2453 propo
977 2312 1099 2373 sim...
1121 2331 1169 2371 uec
1182 2306 1315 2391 pereaffet
1336 2309 1441 2371 David
1451 2355 1461 2386 ,
1476 2311 1508 2386 fi
1523 2309 1643 2373 babebat
1658 2314 1764 2398 julium

156 2414 254 2470 nere,
276 2392 308 2455 δι
328 2394 452 2457 indicare
492 2394 549 2457 atti
569 2389 709 2466 adversa,
742 2410 806 2473 quae
868 2389 937 2454 osle-
979 2390 1082 2454 bellum
1097 2406 1195 2453 eontra
1212 2388 1307 2466 Saul,
1327 2388 1401 2470 quod
1412 2395 1505 2472 putuit
1525 2391 1593 2469 effe.
1610 2437 1660 2457 ...
1683 2415 1762 2478 pota.

150 2491 203 2536 tat
222 2489 438 2553 competentem
471 2472 681 2537 uisfanionem
703 2490 757 2554 pro
778 2474 840 2546 jure
860 2514 871 2547 ,
892 2470 940 2536 vel
979 2492 1045 2536 taut
1064 2475 1137 2535 euim
1151 2468 1210 2555 ips
1218 2471 1291 2532 Fr'lir'
1310 2470 1398 2552 isreel
1417 2494 1480 2534 eum
1499 2471 1668 2552 Phutsttaeis
1681 2480 1761 2555 ‚fiere-

149 2571 211 2637 pto
233 2551 369 2624 injuria,
400 2574 459 2614 non
491 2552 604 2633 possunt
625 2549 735 2616 bellum
765 2553 937 2631 instituere,
979 2579 1036 2630 ee,
1055 2553 1107 2629 etfi
1123 2578 1175 2617 nou
1190 2552 1301 2627 [edna
1313 2568 1336 2634 p
1398 2569 1462 2631 tua,
1483 2576 1575 2619 tamen
1594 2577 1700 2641 treguas
1719 2561 1761 2624 ad

178 2631 226 2694 uia
253 2650 288 2694 ert
317 2646 378 2713 cap.
400 2632 469 2694 Noli
505 2653 534 2713 ς.
556 2633 629 2710 caus.
643 2652 690 2713 23.
720 2655 769 2712 qu.
785 2654 812 2695 1.
834 2637 937 2696 Pacem
977 2654 1101 2713 tempus,
1125 2633 1163 2695 (e
1180 2636 1337 2715 juramento
1421 2658 1484 2696 ere.
1506 2635 1546 2698 Et
1569 2637 1606 2699 est
1619 2658 1760 2706 commu-

116 2738 134 2801 3
156 2653 235 2775 ieter
256 2707 354 2774 habete
373 2712 517 2789 voluutas,
540 2708 810 2790 bellumntctffitas.
832 2711 937 2773 Tertio
976 2713 1043 2773 nior
1052 2710 1233 2788 Dosiorum,
1256 2712 1398 2795 quodltoe
1412 2734 1464 2808 per
1483 2712 1509 2778 se
1531 2715 1633 2791 liceat,
1656 2739 1759 2802 quam.

156 2796 249 2876 Reges
270 2792 305 2854 ad
326 2792 510 2856 muniendam
530 2791 718 2869 Civitatem,
739 2791 787 2856 uel
811 2790 935 2853 Fortali·
977 2791 1024 2857 uis
1053 2788 1083 2852 in
1110 2790 1225 2874 praxi,
1257 2790 1370 2856 ratione
1398 2794 1677 2865 circumstantiarum
1708 2799 1762 2866 vix

150 2876 234 2940 tium
254 2872 425 2937 aedificantes
446 2872 573 2936 infundo
594 2871 714 2947 alicujus
735 2870 936 2955 particularis,
979 2891 1129 2957 unquam,
1152 2889 1187 2935 ut
1208 2893 1276 2936 cnm
1296 2873 1398 2938 multis
1419 2873 1503 2940 docet
1517 2873 1612 2938 Diana
1632 2896 1654 2940 r.
1670 2900 1696 2943 2.
1702 2878 1763 2964 posi

155 2972 290 3021 tenentur
311 2954 378 3018 huic
409 2950 592 3037 compensate
621 2972 675 3036 pro
706 2971 798 3029 rata,
830 2952 874 3015 ira
900 2969 937 3037 ut
970 2970 1003 3036 p.
1018 2973 1064 3016 ιο.
1084 2950 1205 3017 reserens
1218 2954 1390 3039 exemplum
1410 2953 1556 3029 cujusdam
1577 2954 1684 3036 Regis,
1729 2960 1762 3027 ui

155 3058 258 3102 ornnes
276 3034 425 3118 equaliter
445 3034 538 3100 serant
567 3034 705 3097 damnum
728 3079 738 3108 ,
768 3031 838 3127 quia
867 3028 936 3096 licet
976 3032 1105 3097 moriens
1125 3033 1259 3099 dicebant
1282 3039 1378 3119 Perii,
1419 3038 1468 3097 uia
1486 3037 1567 3098 volui
1593 3040 1644 3119 effe
1666 2980 1759 3119 saie.

156 3117 267 3203 prirati
288 3134 442 3182 teneantur
462 3113 611 3181 subvenire
631 3111 789 3178 necessttatt
807 3132 939 3178 commu·
980 3132 1057 3178 emus
1075 3117 1120 3190 ei,
1141 3119 1192 3196 qui
1210 3114 1291 3196 bostis
1313 3112 1397 3195 esic
1430 3115 1525 3194 tiliani
1543 3122 1678 3185 nominis.

155 3200 208 3274 ni,
232 3217 330 3263 tamen
352 3216 468 3263 tanturn
508 3214 643 3261 tenentur
678 3193 832 3258 secundum
862 3194 940 3269 julli·
1021 3195 1127 3260 Tertio
1186 3196 1260 3262 siunt
1280 3199 1324 3263 Re
1393 3196 1425 3261 iu
1445 3195 1523 3262 bello
1541 3196 1617 3272 'justo
1639 3200 1756 3267 Civita·
1782 3228 1817 3290 13

158 3279 234 3344 riam
254 3279 520 3344 distributivam&
573 3275 676 3340 naliter
695 3276 732 3339 ad
753 3274 846 3352 alios3
867 3275 938 3339 Mo-
980 3294 1023 3341 tes
1057 3275 1232 3355 inuenere,
1272 3277 1294 3342 fi
1322 3280 1408 3342 aiter
1437 3277 1503 3363 capi
1534 3299 1592 3342 non
1622 3282 1759 3364 polline,
1860 3324 1862 3327 v

154 3359 219 3423 lina
238 3363 274 3424 de
292 3361 402 3444 justitia
422 3381 487 3424 um.
499 3384 529 3439 9.
562 3359 750 3438 tst.47.cirea
762 3356 835 3420 med.
850 3357 938 3421 Card.
978 3358 1115 3452 quamuis
1135 3355 1224 3424 multi
1245 3359 1412 3424 innocentes
1431 3381 1499 3424 curn
1520 3362 1691 3428 nocentibus
1711 3387 1759 3431 oe·

157 3442 191 3504 de
212 3443 295 3526 Lugo
316 3445 352 3505 de
368 3445 478 3525 justitia
496 3440 671 3523 dignust.
693 3441 724 3502 δι
745 3437 795 3501 alii
808 3436 938 3523 palium.
980 3438 1140 3520 nudantur,
1160 3440 1308 3525 quianon
1330 3438 1435 3505 directe
1455 3439 1628 3507 occiduntur
1652 3467 1662 3519 3
1691 3467 1758 3510 con·

110 3538 138 3604 ‘g
157 3523 272 3599 Quarto
293 3541 428 3587 tenentur
449 3525 542 3603 Reges
573 3521 707 3595 injustum
730 3519 845 3584 bellurn
875 3542 936 3584 mo
979 3521 1033 3584 slat
1054 3522 1188 3606 exemplo
1202 3523 1297 3602 Josuae
1318 3523 1348 3585 8.
1368 3546 1444 3586 uum.
1459 3545 1486 3586 2.
1509 3519 1547 3584 su
1562 3525 1623 3605 seq.
1644 3527 1758 3603 Quarto
1783 3549 1821 3609 14

157 3623 277 3680 ventes,
301 3605 445 3669 rellituere
466 3600 614 3678 universa,
636 3621 701 3684 quat
720 3619 883 3697 occupant,
902 3601 938 3664 fit
977 3600 1091 3685 poliunt
1113 3603 1152 3696 'pr
1179 3598 1271 3666 bello.
1285 3602 1358 3677 julio
1388 3621 1513 3686 repetere
1541 3604 1676 3681 expensas
1707 3628 1760 3687 pro

158 3683 315 3768 surripiunt
342 3709 351 3755 3
379 3706 439 3769 cap.
470 3689 546 3748 Sicut
577 3704 628 3762 29.
656 3680 692 3744 de
715 3688 786 3763 jure
829 3681 935 3746 audo.
977 3699 1194 3766 recuperatione
1216 3681 1320 3760 uuas,
1342 3684 1374 3748 ἃ
1393 3684 1521 3750 hoslibus
1542 3684 1627 3748 vittis
1646 3688 1760 3770 poliunt

117 3786 133 3851 ς
158 3768 273 3841 Quinto
294 3783 429 3831 tenentur
457 3769 551 3848 Reges
580 3764 714 3838 injustum
743 3763 853 3828 belum
874 3785 937 3827 rno-
980 3761 1063 3827 lic-ite
1082 3762 1194 3830 tributa
1217 3764 1371 3848 imponere
1403 3767 1433 3827 in
1465 3789 1532 3831 conr
1555 3765 1759 3844 ensationem,

156 3865 275 3925 rentes,
298 3846 443 3915 absolvere
464 3869 483 3911 a
503 3852 669 3923 juramento
699 3866 773 3922 eos,
804 3865 878 3931 quos
897 3843 937 3907 se·
978 3862 1030 3910 aut
1062 3864 1208 3928 poenatn.
1239 3846 1354 3924 Quinto
1382 3845 1496 3930 possunt
1527 3789 1554 3911 i

155 3946 256 3992 cerunt
277 3932 389 4005 iurare,
410 3934 490 3993 citat.
511 3945 569 4012 rep.
589 3928 669 3990 Sicut
697 3948 746 4005 ²9·
768 3929 805 3990 de
825 3928 939 4010 Jueeju·
979 3924 1126 3990 instituere
1182 3928 1436 4021 orecupetatione
1455 3929 1599 3994 bonorum
1619 3974 1632 4005 v,
1663 3930 1695 3993 n
1713 3954 1759 3995 re·

120 4010 245 4075 stando
264 4014 294 4089 §.
311 4017 538 4092 Jurumtntum.
569 4008 655 4071 Sexto
685 4024 818 4072 tenentur
847 4009 875 4071 R
911 4029 941 4071 es
980 4027 1046 4071 turn
1069 3944 1228 4082 Eccldsd5
1257 4008 1399 4074 Nicolaus
1428 4009 1454 4071 1.
1476 4012 1508 4073 iu
1535 4010 1635 4085 decret.
1657 4016 1705 4075 tt't.
1722 4012 1763 4074 de

158 4094 258 4156 datam
281 4093 427 4175 publicam
448 4093 553 4155 fidem
586 4092 697 4154 servare
725 4088 852 4154 hollibus
896 4090 939 4152 uis
979 4085 1062 4153 bellis
1081 4107 1140 4174 cap.
1153 4110 1182 4154 a.
1205 4089 1244 4153 Θ
1264 4108 1324 4175 cap.
1346 4089 1546 4154 multarem
1569 4115 1599 4163 2,
1617 4096 1690 4173 raus.
1708 4112 1757 4175 ις.

155 4174 246 4241 etiarn
268 4173 297 4235 in
321 4174 397 4239 bello
419 4174 542 4249 injusto,
563 4173 611 4235 cit.
634 4186 694 4251 cap.
715 4170 801 4247 Noli,
832 4169 882 4235 ubi
903 4192 939 4235 etr
978 4173 1079 4255 quati.

23 4296 27 4303 ι
155 4256 251 4322 verbis
271 4257 299 4317 S.
321 4254 475 4337 Augustini
497 4254 533 4316 stc
555 4248 667 4335 praecise
688 4249 827 4315 habetur:
854 4250 939 4314 Fides
1021 4254 1093 4318 Non
1154 4251 1226 4317 ssunt
1247 4254 1341 4336 Reges
1362 4254 1459 4339 primo
1474 4254 1535 4318 sine
1555 4253 1637 4338 gravi
1666 4253 1757 4319 neces·
1781 4257 1819 4317 16

155 4337 262 4419 quando
278 4340 478 4418 promittitur,
510 4338 595 4397 etiam
623 4329 690 4410 hosii
714 4323 857 4413 seruanda
875 4330 935 4413 est,
978 4332 1062 4397 sitate
1082 4271 1191 4399 beioum
1211 4332 1375 4411 instituere,
1395 4355 1455 4418 cap.
1476 4338 1546 4399 Noli
1574 4357 1602 4417 3.
1623 4336 1756 4418 eaus.23.

156 4439 246 4481 contra
266 4443 347 4501 quem
368 4416 471 4479 bellum
490 4418 614 4497 geritur.
976 4438 1024 4498 qu.
1043 4435 1069 4477 1.
1080 4435 1108 4477 et
1127 4436 1188 4502 cap.
1210 4417 1252 4489 si.
1266 4418 1345 4480 uuile
1363 4435 1440 4501 urget
1458 4418 1592 4497 ueceffitae
1616 4437 1661 4494 15·
1684 4418 1758 4494 caus.

198 4499 367 4565 PossuntRe
387 4521 416 4563 es
437 4497 535 4582 primo
556 4493 636 4559 licite
666 4493 815 4579 represalia
835 4515 935 4562 conce·
980 4518 1029 4578 ²3·
1051 4519 1098 4578 qu.
1110 4497 1140 4561 8.
1161 4497 1290 4561 &undo
1310 4519 1369 4573 uon
1398 4497 1511 4582 possunt
1542 4495 1651 4561 bellum
1684 4495 1757 4564 indi·
1783 4513 1821 4580 ¹⁷.

115 4519 139 4642 i
158 4580 223 4648 dere
245 4580 292 4649 his
312 4521 529 4651 conditionibus
549 4600 559 4654 3
581 4576 740 4661 Prima-est
758 4622 771 4657 ,
802 4595 835 4643 ut
855 4596 936 4645 cetto
977 4597 1041 4666 cere
1060 4600 1096 4643 ex
1115 4578 1238 4645 nocendi
1255 4578 1431 4665 cupiditate,
1454 4578 1501 4644 vel
1523 4573 1674 4647 ulciscendi
1694 4596 1758 4670 cru-

1322 4659 1486 4724 uba
1620 4653 1718 4737 deit

1556 3870 1619 3928 eges
1649 3848 1758 3916 bellurn
1783 3871 1818 3933 15
1931 3860 1934 3863 '
