4025 5284
132 435 142 454 s
244 411 265 447 ἱ)

290 108 383 196 470
470 67 476 74 ’
548 70 932 172 BiNEFtcttJM,
957 66 1295 168 BENEFICIA,
1325 62 1445 150 Ater.
1474 61 1546 145 ix.

236 246 265 286 ἦ,
285 196 365 282 quod
385 187 507 256 excessus
528 182 692 262 hujusmodi
726 184 758 245 iii
782 181 903 245 Litteris
933 180 1028 264 erpti-
1069 223 1089 258 „
1112 178 1227 250 Iuribus
1248 176 1298 240 sibi
1318 171 1348 238 in
1372 175 1453 251 illis,
1476 175 1521 242 vel
1545 169 1580 236 ad
1589 169 1641 235 illa
1651 178 1844 258 competenti·

184 335 190 348 s
239 325 266 364 ,‚,
288 293 405 341 matur.
427 274 473 338 Ac
494 269 583 335 etiam
606 264 762 358 reservavit
780 263 974 344 ,Dignitatem
997 261 1030 326 dt
1069 305 1090 337 „
1111 260 1165 325 bus
1185 258 1282 323 cedere
1303 257 1482 352 contigerit,
1510 278 1611 321 omnes
1632 301 1659 349 ,ο
1677 256 1709 319 ἃ
1730 257 1846 339 singule

172 353 182 376 s
286 355 429 426 Eetieficia
448 352 551 419 omnia
570 349 607 412 ad
626 346 841 419 collationem,
872 340 1024 425 prasenta-
1056 386 1085 421 .„
1107 339 1318 417 concessiones,
1342 339 1545 416 collationes,
1575 335 1784 422 provisiones,
1811 339 1847 402 ἃ

245 477 277 530 ,q
289 442 423 514 tionem,
445 434 634 505 electionem,
656 429 914 508 &quamcumtute
933 423 1024 487 aliam
1064 468 1086 503 „
1108 424 1217 578 quavis
1238 422 1302 485 alia
1324 418 1520 504 dispositiones
1539 420 1574 484 de
1596 417 1766 494 Beneficiis,
1799 421 1848 487 sen

245 521 505 609 „disparitionem
522 505 760 580 ‚Patriarchariini
774 497 1024 673 supprimam,
1066 550 1087 584 „
1128 505 1223 570 titilius
1245 505 1280 568 fic
1302 500 1489 584 resignandis,
1512 501 1716 578 dimittendis,
1748 500 1780 564 dt
1802 523 1848 569 ce·

290 595 606 681 Archiepiscnpotum,
625 587 773 673 &Episco
797 667 800 674 ν
830 607 1026 665 itm,·necnon
1059 631 1089 664 .„
1111 587 1209 650 dendis
1230 607 1283 670 pto
1298 601 1435 669 tempore
1456 581 1606 660 facienda,
1622 604 1695 645 cum
1718 583 1785 649 inde
1804 583 1847 651 se-

257 735 266 767 ,
287 682 459 754 Abbatum,
480 685 514 739 ac
535 672 931 753 aliorumiquorumcumque
952 668 1023 734 Col·
1066 711 1089 746 „
1111 668 1189 732 cutis
1208 665 1458 750 quibuscumque,
1480 666 1574 740 calla,
1590 663 1627 728 1&
1651 665 1752 744 itiitae,
1772 666 1844 734 nul.

244 740 267 850 ²,
289 766 442 834 latorum,
473 759 505 822 dt
520 753 731 822 ¹Collatricium
753 750 936 816 Saeculatiitm
960 796 970 827 ,
993 749 1025 813 δι
1064 793 1085 825 ,,
1108 747 1216 832 litisque
1241 749 1374 825 roboris,
1393 746 1444 812 vel
1467 746 1609 811 momenti
1628 747 1764 825 exiliant,
1782 771 1844 816 iiec

244 819 266 932 ζ’,
288 839 479 926 Regularium
500 835 725 922 quomodolibet
747 837 831 914 (non
860 850 958 897 tamen
990 830 1026 892 ad
1067 874 1088 908 „
1109 826 1518 912 cuiquamsulsiagentur,sed
1528 826 1691 904 beneficia,
1712 830 1843 909 diluta,
1934 875 1945 892 .

243 977 266 1014 ‚,
288 922 487 992 Collatiouem
502 941 576 984 cum
592 918 678 994 alio,
700 914 746 980 vel
756 913 839 991 aliis,
863 912 1026 977 autetiam
1067 955 1089 989 „
1111 929 1144 975 ut
1165 911 1331 995 prefertur,
1352 911 1513 993 resignata,
1536 912 1566 975 dc
1586 909 1715 987 dimissa,
1738 913 1769 975 ἃ
1785 913 1843 979 ces.

248 1059 270 1094 ,‚
292 1001 466 1071 adalteiius
481 999 754 1086 praesentationem,
778 996 832 1062 vel
854 994 1025 1059 eleilinnem
1067 1037 1089 1071 „
1112 990 1158 1067 sa,
1181 1015 1215 1056 eo
1230 991 1422 1077 ipsovacent,
1444 990 1539 1054 acsub
1557 989 1749 1058 reservatione
1772 1007 1842 1075 ptin-

238 1123 267 1179 1„
310 1084 494 1163 eitinentia)
536 1104 577 1146 ua
597 1082 658 1165 post
676 1079 799 1142 illorum
812 1077 951 1153 obitum,
975 1094 1026 1140 aut
1066 1118 1087 1150 „
1109 1073 1203 1149 ditia,
1225 1073 1464 1159 qnamSaniiitas
1480 1074 1538 1137 Sua
1558 1073 1650 1137 etiani
1670 1073 1769 1159 quoad
1789 1074 1848 1140 boc

243 1224 267 1257 „
289 1111 498 1242 iisclesiaium,
514 1105 568 1230 seu
586 1160 853 1235 Mouassetiotum,
886 1157 932 1223 vel
954 1157 1024 1220 alia·
1064 1199 1092 1234 ,7
1109 1155 1262 1232 extendit,
1286 1155 1317 1218 di
1337 1153 1522 1238 ampliavit,
1548 1154 1760 1238 comprehensa
1779 1177 1846 1220 cen.

245 656 266 693 θ)

245 1304 266 1340 „
289 1273 354 1318 runi
372 1248 563 1331 Dignitatiuu
586 1244 699 1310 suarum
718 1237 944 1315 dimissionem,
976 1236 1024 1303 seu
1065 1281 1087 1314 „
1110 1235 1244 1301 leantur.
1267 1236 1317 1300 lta
1335 1236 1414 1319 quod
1435 1236 1469 1299 de
1488 1235 1551 1299 illis
1580 1258 1609 1300 er
1619 1236 1731 1315 alium,
1750 1258 1845 1321 quani

245 1384 268 1422 ‚‚
289 1329 489 1407 amissionem,
511 1328 557 1394 vel
579 1325 807 1412 privationem,
839 1321 886 1386 seu
907 1320 1027 1386 transla·
1067 1339 1161 1403 „per
1190 1318 1321 1398 eamdent
1352 1316 1540 1381 Sanslitatem
1556 1258 1677 1398 iiiam,
1706 1305 1759 1384 vel
1792 1341 1849 1406 pro

243 1467 265 1503 „
289 1417 420 1489 tionem,
452 1411 501 1478 vel
521 1409 592 1473 alias
609 1403 884 1492 quomodocumque
904 1419 1027 1468 vacave·
1067 1415 1242 1484 „tempore
1264 1400 1430 1465 exilientem
1452 1401 1619 1464 Romanum
1643 1400 1846 1482 Pontificem,

244 1546 267 1583 „
290 1499 372 1572 rint,
388 1493 428 1558 us
449 1515 484 1556 ue
505 1491 542 1555 ad
562 1486 757 1574 provisionem
770 1486 964 1549 successorum
986 1485 1024 1548 ad
1066 1499 1093 1561 ,t
1108 1482 1273 1548 nullatenus
1295 1480 1407 1567 disponi
1428 1477 1532 1565 possit,
1561 1482 1783 1561 inmunibus,
1814 1486 1847 1549 di

245 1628 266 1663 „
288 1577 397 1646 easdem
420 1515 558 1638 declinas
599 1585 648 1632 aut
673 1567 876 1639 Monalleiia,
899 1565 946 1628 vel
967 1564 1021 1627 Di·
1064 1607 1085 1641 „
1103 1584 1160 1707 per
1181 1563 1282 1629 omnia
1322 1562 1439 1638 erinde,
1461 1563 1535 1625 acsi
1593 1564 1782 1649 rpacificam
1804 1566 1847 1631 as·

243 1709 264 1745 ‚‚
327 1661 429 1732 itates,
451 1615 621 1739 Apollnli'ca
636 1646 811 1713 ,auiioritate
831 1643 1017 1723 faciendam,
1060 1688 1081 1722 „
1116 1647 1279 1711 acutionem
1299 1586 1509 1709 laneficiorum
1529 1647 1657 1710 aioruni
1679 1645 1847 1722 hujusmodi

242 1789 264 1826 ,‚
338 1740 388 1801 ade
411 1755 473 1800 tam
494 1735 530 1798 ab
558 1730 663 1806 eisdem
685 1727 892 1792 successoribus
919 1726 1019 1810 pacifi-
1060 1768 1082 1801 „
1101 1747 1202 1801 vere,
1235 1748 1268 1789 ac
1290 1725 1405 1790 realiter
1425 1726 1630 1802 vacavissent3
1659 1747 1694 1792 ac
1723 1729 1846 1796 ulterius

242 1870 265 1906 „
287 1842 352 1887 cam
374 1757 494 1882 ilorum
548 1813 723 1886 lietiionem,
744 1806 1020 1890 quomodocumque
1060 1847 1082 1884 „
1103 1805 1220 1882 voluit,
1242 1805 1438 1881 Beneficium,
1456 1807 1494 1873 de
1510 1829 1574 1891 qiio
1592 1809 1737 1893 raiginis
1756 1810 1846 1879 suerit

241 1949 266 1987 „
286 1899 474 1975 vacaverint,
535 1896 679 1960 vacabunt
700 1891 732 1955 in
753 1888 905 1965 fututum3
925 1889 1019 1954 decer·
1056 1930 1082 1966 „
1100 1887 1278 1953 ,aiisiotitate
1294 1888 1464 1973 Apostolica
1482 1889 1634 1973 provisus,
1656 1897 1844 1975 acpetcujus

241 2032 263 2067 „
283 2006 354 2050 nens
372 1981 488 2045 irritum
508 1980 567 2044 uic.
1057 1969 1311 2056 „redemtionem
1333 1969 1474 2036 Beneficia
1493 1992 1597 2037 vacare
1616 1973 1784 2053 debebant,
1805 1993 1844 2042 ut

1057 2095 1082 2130 ,‚
1102 2052 1184 2137 ptius
1202 2073 1325 2129 vacare,
1346 2053 1482 2137 perinde,
1504 2074 1537 2116 ac
1549 2055 1581 2117 ,fi
1602 2054 1722 2121 collatio
1740 2055 1844 2125 lavore

243 2147 370 2228 Bitensia
388 2147 582 2228 reservationis
590 2135 786 2214 Beneficiorum
800 2137 1022 2221 peiaffequmin
1063 2177 1084 2211 „
1106 2132 1273 2279 iesqnantis
1292 2132 1368 2198 sasia
1387 2156 1445 2199 non
1467 2133 1592 2211 suisset,
1626 2134 1713 2204 salvis
1740 2157 1843 2205 tamen

320 2231 323 2236 ’
404 2250 466 2290 nem
480 2223 628 2308 praelitam
648 2239 858 2283 mammarum.
1060 2258 1084 2293 „
1105 2216 1156 2300 qui
1177 2214 1331 2299 uscumque
1351 2216 1364 2289 J
1370 2217 1466 2281 iitibns
1491 2220 1725 2300 competentibus
1754 2219 1840 2286 alteri

1058 2340 1084 2373 .„
1106 2297 1203 2380 parti,
1224 2298 1262 2360 ad
1282 2301 1362 2373 cujus
1381 2296 1514 2364 favorem
1535 2297 1612 2362 tina
1632 2303 1695 2366 esset
1718 2301 1842 2382 resigna-

281 2394 344 2458 111.
366 2434 388 2467 „
409 2388 506 2466 Item,
540 2384 688 2468 liquide
709 2380 859 2447 Beneficiis
880 2382 1020 2449 Ecclesia-
1058 2421 1083 2455 „
1104 2378 1168 2456 tio,
1192 2380 1282 2442 etiam
1304 2402 1338 2444 eit
1359 2378 1696 2462 causapetmutationis,
1717 2380 1846 2447 sumina·

238 2473 359 2555 „ilicis
401 2468 536 2534 raesertim
556 2487 655 2544 curam
690 2465 854 2528 animarum
884 2463 1018 2529 babenti·
1060 2501 1080 2536 „
1103 2459 1163 2536 rie,
1187 2461 1373 2545 simpliciter,
1386 2460 1750 2545 &appellatioueremota
1763 2485 1842 2529 exet·

240 2600 263 2635 „
284 2556 355 2629 bns,
379 2491 426 2616 seu
447 2551 518 2615 alias
533 2546 716 2638 personalem
725 2545 908 2614 residentiam
920 2548 1017 2631 requi.
1056 2583 1080 2618 „
1100 2542 1219 2618 cendis3
1235 2543 1390 2608 decemms
1409 2544 1525 2608 irritum
1543 2543 1602 2610 dic.
1620 2544 1778 2611 attentati.

239 2682 261 2716 „
284 2636 432 2711 rentibus,
453 2635 525 2698 dum
546 2653 599 2715 pto
620 2648 753 2712 tempore
773 2644 904 2704 vacant,
936 2632 963 2691 A

237 2762 259 2798 „
280 2715 380 2782 slolica
395 2714 575 2782 ,auiioritate
594 2713 725 2795 provisi,
747 2708 796 2774 seii
814 2650 1021 2792 providendi»,
1061 2707 1229 2786 Rasa-iiiii
1247 2710 1448 2791 Dignitatem,
1468 2731 1563 2773 aecum
1576 2712 1710 2790 suanam,
1744 2707 1787 2773 (u
1805 2713 1838 2774 t.

238 2842 259 2878 „
283 2817 350 2866 ante
367 2796 491 2865 illorum
506 2794 715 2858 ,assecutionem
745 2790 804 2852 alia
823 2809 891 2851 cuin
914 2789 1020 2856 eisdem
1102 2793 1142 2850 R.
1165 2793 1200 2853 Ε.
1222 2790 1421 2864 cardinalium
1439 2793 1653 2870 familiarium,
1689 2787 1839 2866 Beneficia-

240 2922 262 2956 „
282 2880 383 2942 lucum
406 2874 523 2941 atibilia
531 2867 880 2937 BeneficiaEcc‘lesiaslica
900 2890 950 2954 per
968 2894 1020 2937 eos
1103 2892 1186 2935 rum.

236 3004 258 3041 „
281 2976 352 3025 tunc
370 2898 491 3023 nirenta
508 2956 541 3018 in
562 2953 689 3018 fraudent
707 2948 911 3016 reservationis
919 2950 973 3014 sua
981 2975 1024 3017 ie-

239 3086 260 3120 „
284 3043 443 3136 signarent,
465 3037 513 3099 sen
531 3032 737 3108 dimitterent,
759 3031 889 3107 voluit,
920 3032 1015 3098 decre-
1105 3034 1164 3097 lv.
1182 3078 1206 3111 „
1228 3036 1307 3100 Item
1328 3034 1486 3104 reservavit
1494 2955 1667 3121 generaliti(
1682 3034 1730 3100 dis
1763 3033 1845 3100 fitio-

236 3165 258 3200 „
279 3137 346 3196 vit,
366 3120 401 3181 δι
421 3115 597 3191 declaravit,
616 3113 727 3190 quodsi
744 3112 779 3175 iti
800 3113 1018 3198 pollemmqui-
1059 3151 1080 3187 ,‚
1103 3114 1134 3175 ni
1155 3113 1209 3178 snae
1228 3139 1330 3183 omnes
1351 3118 1390 3180 Di
1431 3119 1518 3183 itates
1537 3122 1663 3193 majores
1684 3139 1722 3203 po
1766 3117 1845 3182 Pon·

240 3246 262 3280 „
283 3199 381 3265 busvis
400 3195 528 3282 personis
548 3195 584 3258 de
604 3194 643 3258 ali
666 3194 748 3259 uibus
758 3192 907 3258 Beneficiis
916 3197 1018 3262 Eccle-
1032 3193 1226 3284 ffi‘tificales
1247 3140 1526 3279 ineaihissnibu,
1552 3202 1644 3266 etiam
1662 3197 1848 3283 Metropoli·

183 3305 185 3326 ³
235 3326 258 3362 „
280 3281 393 3344 siallicis
409 3326 419 3352 ,
437 3296 520 3375 {tunic
542 3292 660 3342 vacanti
682 3298 741 3353 us,
770 3272 820 3371 seu
840 3278 986 3342 vacaturis
1006 3290 1035 3357 ,¹
1058 3314 1080 3350 2,
1102 3278 1197 3356 tanis,
1220 3281 1252 3344 ta
1272 3281 1543 3360 patriarchalibus,
1575 3302 1688 3347 necnon
1710 3280 1847 3346 valorem

237 3410 259 3442 „
281 3383 332 3447 per
351 3360 539 3426 sinetiiaiain
559 3360 667 3435 Suam,
690 3374 740 3421 aut
761 3378 823 3431 eius
842 3358 1017 3440 austeritate
1055 3397 1079 3431 „
1101 3358 1200 3425 decem
1220 3360 1397 3428 florenorum
1417 3366 1481 3428 auri
1499 3363 1657 3430 communi
1674 3359 1846 3426 aestimatio-

236 3489 259 3525 „
279 3443 446 3529 provideri,
470 3438 599 3536 ipsosque
619 3437 814 3536 providendos
835 3437 912 3503 intra
931 3464 1017 3506 vaca-
1054 3480 1079 3514 ,‚
1102 3464 1138 3506 ne
1167 3447 1364 3521 excedentes,
1404 3445 1579 3545 principales
1608 3446 1640 3509 iii
1668 3442 1736 3509 Coll
1774 3441 1849 3506 ‘atis

239 3571 261 3605 „
283 3525 392 3603 tionis,
415 3523 447 3588 ἃ
468 3522 669 3607 provisionis,
699 3517 746 3586 seu
767 3521 947 3586 assecutionis
965 3546 1016 3589 en·
1058 3561 1081 3595 „
1105 3523 1257 3589 Ecclefiis.
1279 3524 1452 3593 Reservavit
1470 3544 1563 3591 etiam
1574 3528 1741 3602 Priotatiis,
1794 3543 1846 3587 τε·

237 3652 258 3686 ,,
281 3607 414 3673 rnmdem
437 3602 668 3698 Beneficiorum,
689 3619 842 3685 tempora,
897 3624 1018 3669 uaecum·
1059 3641 1080 3676 ‚‚
1103 3605 1263 3687 posituras,
1281 3605 1499 3690 Praepositattis,
1520 3631 1555 3673 ac
1577 3608 1652 3673 alias
1671 3605 1846 3690 Dignitates

238 3732 260 3767 „
280 3708 336 3831 Ἑρ
357 3686 416 3750 alia
434 3707 503 3749 cum
521 3684 590 3748 aliis
619 3683 855 3766 incompatibilia
916 3686 1020 3751 nelicia
1056 3723 1081 3757 2,
1102 3686 1337 3764 conventuales,
1358 3688 1607 3774 &Praeceptotias
1627 3687 1774 3772 generales
1785 3687 1848 3748 Or·

239 3812 260 3844 „
327 3767 478 3832 clesinllica
498 3765 667 3840 Saecularia,
697 3765 744 3830 vel
765 3767 940 3847 quorumvis
959 3771 1018 3831 Or·
1056 3804 1080 3838 „
1102 3766 1203 3831 ditium
1232 3789 1483 3854 quorumcumque
1523 3769 1596 3852 (sed
1633 3791 1693 3835 nnn
1723 3768 1849 3833 Milita-

238 3894 261 3931 ‚,
281 3848 567 4006 dimpgetiam
588 3845 811 3931 Hospitalinm,
839 3848 872 3912 δι
892 3850 1017 3932 Regula·
1057 3885 1080 3921 „
1104 3848 1205 3929 rium)
1226 3873 1261 3916 ac
1280 3869 1468 3935 quaecttmque
1488 3850 1650 3929 Beneficia,
1682 3870 1751 3935 quae·
1769 3846 1844 3927 siti,

241 3976 261 4011 ‚,
282 3951 325 3993 ria
344 3950 379 4014 pe
482 3948 552 4026 tunc
572 3930 714 4006 obtenta,
737 3929 817 3994 milla
826 3928 966 4015 speciali,
988 3935 1021 3997 ἃ
1060 3968 1083 4003 ‚i
1107 3930 1198 3995 etiam
1218 3932 1291 3996 dum
1311 3932 1516 3998 cardinalatus
1534 3932 1709 4018 fiingebetur
1728 3931 1844 4020 bonpte

239 4057 260 4090 ,‚
282 4012 408 4154 erppella
426 4013 461 4078 de
482 4010 587 4077 eisdem
609 4013 639 4075 in
660 4007 870 4093 provisionibus
877 4011 1020 4097 pradislis
1060 4050 1081 4083 ‚‚
1101 4013 1254 4077 exilientes
1274 4059 1283 4092 ,
1314 4035 1347 4077 ac
1368 4016 1397 4078 S.
1419 4016 1457 4079 R.
1481 4015 1519 4077 E.
1541 4015 1712 4084 viventium
1734 4033 1843 4090 nnnc,

239 4137 260 4171 „
376 4095 544 4188 mentione3
564 4093 751 4179 fimplicitet,
781 4093 829 4159 vel
848 4095 933 4159 causa
952 4115 1016 4180 pet-
1057 4132 1079 4168 „
1102 4094 1135 4157 δι
1153 4093 1204 4175 qui
1225 4113 1308 4158 erunt
1330 4116 1384 4191 pto
1394 4113 1550 4180 tempore,
1571 4093 1778 4162 cardinalium
1801 4094 1844 4159 sa·

239 4219 261 4253 „
283 4191 472 4252 mutationis,
492 4197 527 4239 ac
548 4177 619 4241 alias
639 4175 880 4259 quomodolibet,
902 4178 960 4243 live
983 4178 1015 4241 iii
1055 4213 1078 4246 ii
1102 4174 1229 4239 miliares
1258 4178 1393 4241 continui
1423 4177 1644 4244 Commensales
1675 4177 1842 4252 obtinent,

238 4299 260 4333 „
282 4253 449 4319 Sansiitatis
469 4257 547 4334 Suae,
569 4260 745 4323 velaltetius
759 4259 889 4322 Romani
910 4259 1011 4323 Ponti·
1049 4295 1074 4329 ,‚
1097 4256 1130 4319 ὅ(
1150 4256 1181 4320 iii
1203 4256 1347 4341 posterum
1368 4253 1542 4330 obtinebunt
1563 4283 1667 4327 eorum
1688 4256 1842 4324 familiari·

240 4334 347 4414 „ficis
379 4353 552 4432 intempore
562 4341 723 4416 exilientis,
745 4356 796 4404 aut
810 4341 1007 4422 legatorum,
1048 4376 1072 4409 ii
1094 4353 1155 4401 tate
1184 4337 1333 4417 durante,
1363 4362 1397 4405 ac
1429 4341 1458 4405 in
1485 4341 1609 4424 quibus,
1642 4340 1690 4406 seu
1722 4340 1758 4403 ad
1777 4358 1848 4422 qiiae

240 4460 261 4494 „
282 4436 333 4482 aut
389 4438 540 4481 unctorum
561 4417 640 4481 dieta
649 4422 744 4499 Sedis,
766 4422 823 4487 live
843 4421 1016 4486 Ordinatio-
1056 4458 1077 4493 i,
1100 4419 1152 4491 Jus
1171 4421 1220 4485 eis'
1231 4420 1394 4504 competit,
1416 4441 1467 4488 aut
1484 4421 1706 4508 competierit,
1727 4419 1848 4486 etiamsi

238 4540 259 4574 „
282 4520 365 4576 ium,
386 4498 433 4596 vel
456 4499 582 4563 aliorum
604 4500 788 4565 Collatotum
808 4523 1015 4596 quorumcum·
1055 4501 1217 4586 „abipsa
1247 4502 1448 4568 familiaritate
1477 4525 1530 4589 per
1559 4505 1678 4570 obitum
1698 4501 1846 4569 Cardine·

234 4618 257 4666 tt
278 4597 335 4660 que
354 4579 496 4648 manibus>
507 4579 665 4666 resignare,
688 4578 735 4645 seu
754 4583 931 4664 dimittere,
962 4603 1014 4652 aut
1054 4622 1075 4659 n
1097 4580 1171 4652 lium
1191 4585 1381 4664 eorumdem,
1403 4586 1453 4655 vel
1474 4585 1548 4653 alias
1567 4583 1769 4729 recesserint&
1784 4582 1843 4648 De·

1630 4713 1651 4732 c·
1694 4709 1721 4748 η
1768 4685 1797 4728 2·
