4025 5284
57 4340 65 4749 l

57 4916 66 5231 r

669 144 947 248 Aterion,
986 148 1390 231 incitatior.
1613 121 1615 125 '
1694 168 1777 263 269

222 250 391 318 decernitur
419 250 570 318 decidenda
598 271 648 334 pet
680 252 820 316 Arbitror
849 255 883 319 de
905 255 1005 318 utrius-
1048 257 1210 330 bedientes;
1231 278 1290 342 cap.
1312 261 1480 342 suspicionis
1502 281 1551 338 39,
1572 260 1608 320 dr
1633 266 1721 338 efficio
1750 269 1832 328 Dele-

223 353 283 413 que
303 336 393 419 partis
412 329 546 396 consensu
566 332 698 396 eleiios.
729 335 833 399 -Et'fic
854 335 889 399 de
908 335 973 398 aliis
995 382 1004 400 .
1063 343 1106 400 ati
1118 384 1127 414 ,
1151 340 1182 401 δι
1203 339 1243 402 ibi
1264 339 1363 401 Glolsa
1383 339 1464 403 verb.
1485 340 1535 400 Ad
1550 363 1618 420 ques
1637 351 1746 407 omnia.
1770 350 1828 411 At-

227 418 407 508 Cercinitis.
553 494 560 509 .
729 447 736 458 ‚
1043 364 1131 482 bittii
1145 440 1212 483 vero
1230 418 1409 495 voluntarii,
1432 420 1479 482 seu
1497 421 1748 506 compromissarii
1767 429 1831 489 nul-

177 498 199 556 6
267 495 380 555 Arbitri
402 493 582 570 volontarii,
606 498 652 559 seu
669 495 921 580 Comptotnissarii
943 495 1007 561 sunt
1049 500 1108 561 lani
1131 499 1237 565 babent
1257 499 1512 574 jurisdiiiionem,
1544 504 1575 564 bi
1594 503 1831 581 coercitionem,

224 574 288 649 illi,
309 574 359 656 qui
382 573 500 654 sponte,
523 577 555 639 bi
576 576 657 639 nullo
671 576 685 646 J
690 599 740 642 ure
750 579 949 662 precipiente,
965 601 1006 651 ¹eir
1048 578 1093 643 sed
1114 596 1228 644 tantuin
1250 581 1468 660 cognitionem,
1492 581 1538 645 seu
1555 583 1708 647 notionem
1727 605 1829 666 quem-

225 656 315 718 libero
323 656 451 738 partium
462 654 616 732 consensu,
637 654 685 718 seu
702 659 917 741 compromisso
938 679 1006 721 cou—
1047 661 1141 735 dam,
1163 661 1185 720 l.
1207 665 1261 722 Ait
1282 665 1387 724 Precor
1408 684 1435 740 ς.
1449 664 1489 739 ffi
1510 663 1545 722 de
1564 687 1593 723 ie
1608 665 1739 745 judicata
1765 711 1775 741 ,
1797 688 1830 729 ac

221 736 396 810 ilituuutut3
417 737 498 799 Hinc
520 737 654 800 dicuntur
674 738 825 801 Voluntarii
857 740 892 803 ad
921 741 1006 804 deno·
1048 758 1132 805 notat
1152 741 1252 804 Abbas
1272 745 1302 804 iii
1322 760 1381 825 cap.
1403 747 1477 804 Cum
1506 743 1623 808 diritius
1652 751 1680 807 6.
1702 773 1730 809 n.
1750 768 1776 825 3.
1797 749 1833 809 de

223 816 363 892 tandum,
385 820 463 900 quod
484 817 566 880 nulla
585 816 688 893 Juris,
720 818 768 883 seu
789 822 875 902 Legis
893 817 1007 885 necessi
1048 821 1200 884 Arbitris.
1223 821 1273 884 Isli
1295 824 1374 886 enim
1396 822 1511 887 Arbitri
1532 843 1628 888 totam
1659 828 1831 908 potellatem

221 916 299 973 tate,
323 896 368 962 sed
390 898 479 963 libera
499 899 625 981 partium
648 900 800 965 voluntate
829 902 1004 984 eliguntur,
1047 901 1214 984 apartibus
1234 903 1542 985 compromittentibus
1561 906 1741 989 accipiunt:
1773 909 1831 989 pti-

222 980 253 1041 &
273 981 505 1063 Compssmiffarii
534 978 745 1063 appellantur,
775 982 845 1063 quia
873 1004 908 1046 ex
937 1004 1005 1044 con·
1047 983 1228 1048 variantem
1250 982 1496 1059 jurisdisiioneiti,
1519 984 1567 1048 seii
1626 986 1756 1050 testatem
1780 1008 1832 1071 pu-

218 1059 303 1125 :ordi
324 1062 452 1144 partium
472 1059 677 1146 compromisso
696 1061 894 1129 assumuntur.
922 1070 1006 1126 Com·
1047 1061 1153 1127 blicam
1177 1062 1306 1130 conserte
1326 1085 1385 1126 non
1447 1066 1551 1138 siunt3
1579 1007 1832 1150 bgdnivatomm

219 1145 332 1201 munis.
1050 1167 1078 1226 3.
1109 1144 1183 1210 cii„
1212 1145 1249 1205 dr
1277 1148 1385 1229 putridi
1413 1189 1420 1205 .
1454 1149 1578 1208 omnium
1609 1149 1708 1226 Jusiic.
1751 1149 1832 1213 Hinc

182 1244 203 1305 7
263 1219 381 1284 Arbitri
400 1223 505 1299 Juris,
536 1222 584 1288 seii
604 1222 746 1287 necessarii
778 1224 809 1287 in
830 1222 933 1288 inultis
953 1220 1005 1286 dif-
1048 1226 1163 1290 Arbitri
1193 1226 1382 1302 voluntarii,
1413 1223 1461 1289 seu
1489 1226 1743 1308 Comptomillarii
1773 1251 1832 1291 nori

221 1300 315 1365 serunt
335 1301 372 1363 ab
393 1303 525 1367 Arbitris
545 1302 749 1382 voluntariis,
782 1304 830 1368 seu
858 1307 1005 1390 Compro-
1047 1306 1161 1389 possunt
1189 1328 1254 1371 coin
1276 1308 1361 1370 ellere
1390 1307 1474 1369 telles
1503 1306 1538 1369 ad
1572 1307 1829 1390 comparendum,

220 1381 372 1446 millariis.
394 1384 495 1447 Primo
515 1384 586 1465 quia
605 1383 721 1446 Arbitri
740 1386 845 1460 luris,
878 1384 926 1449 seu
955 1405 1003 1447 ne-
1046 1409 1098 1450 nec
1118 1409 1186 1464 eos,
1208 1389 1228 1449 fi
1248 1329 1415 1470 iiilinquant
1435 1431 1445 1462 ,
1467 1387 1597 1472 punire,
1625 1409 1680 1456 nec
1700 1388 1831 1471 partibus

219 1462 324 1527 cesbrii
347 1463 485 1545 compelli
506 1464 620 1542 possunt
640 1463 675 1525 ad
708 1463 762 1528 lioc
793 1486 898 1527 munus
919 1461 1002 1527 susci·
1044 1468 1354 1552 compromittentibus
1389 1466 1560 1550 imperare,
1604 1468 1657 1531 nili
1691 1485 1834 1549 quatenus

218 1543 356 1629 piendum
380 1566 389 1612 ;
410 1549 564 1626 capacem
580 1544 714 1624 specialis
748 1552 796 1607 61.
816 1543 851 1604 de
870 1546 1002 1628 appellat.
1046 1548 1111 1628 ipsae
1133 1570 1183 1629 pet
1203 1547 1440 1633 compromissum
1463 1547 1563 1631 sponte
1584 1546 1611 1611 se
1642 1548 1831 1630 obligatunr;

220 1625 336 1689 Arbitri
357 1644 455 1688 autem
477 1624 654 1699 voluntarii,
678 1623 724 1688 seu
751 1624 1003 1707 Compromissarii
1044 1629 1145 1691 Glossa
1173 1633 1203 1692 in
1232 1629 1595 1709 nonpermanebit
1622 1631 1651 1690 b.
1673 1630 1746 1708 vers.
1769 1630 1836 1705 Nifi

217 1705 357 1788 compelli
387 1727 446 1768 nori
476 1704 586 1787 possum
617 1703 652 1767 ad
686 1704 762 1767 illud.
789 1727 923 1784 munus,
955 1705 1003 1768 seii
1043 1708 1234 1780 decirbitris;
1256 1707 1673 1790 Molinateasi.5.dejiiflitia
1691 1710 1828 1792 defineg.

217 1786 465 1870 Compromissum
493 1787 724 1867 acceptandum,
754 1785 799 1849 sed
820 1785 909 1849 libere
931 1785 1002 1848 illud
1041 1811 1118 1851 num.
1132 1809 1180 1851 11.
1203 1787 1323 1870 Pithing
1344 1789 1453 1852 scacis.
1471 1815 1500 1853 n.
1514 1812 1543 1874 3,
1574 1789 1756 1854 Reili'enslirel
1776 1790 1827 1853 loc.

217 1870 332 1953 possunt
353 1865 507 1949 suscipere,
529 1884 580 1929 aut
602 1864 751 1948 respuere,
772 1883 860 1951 prout
881 1867 922 1928 eis
944 1866 1004 1947 pla·
1047 1873 1097 1929 cii,
1119 1895 1147 1930 n.
1164 1870 1208 1931 18.
1232 1868 1270 1929 (ἐν
1296 1890 1342 1948 19.
1364 1871 1395 1932 δι
1413 1871 1486 1932 alii.
1888 1875 1889 1888 ¹

217 1949 310 2014 cuerit
331 1993 340 2024 ,
361 1952 383 2010 l.
406 1947 496 2011 labeo
518 1971 547 2030 3,
562 1948 601 2024 ᾖ
623 1948 658 2008 de
679 1953 806 2032 Receptis
822 1951 904 2028 ,qui
930 1947 1003 2009 arbi·
1086 1948 1191 2010 Tertio
1214 1946 1367 2023 disserunt,
1389 1950 1460 2031 quia
1471 1950 1507 2013 ab
1517 1951 1671 2023 Arbitrio,
1694 1950 1740 2014 seu
1754 1952 1828 2014 Lau
1854 1969 1889 2014 11

217 2034 303 2095 iriam
323 2048 475 2113 receperent
497 2073 506 2090 .
539 2028 582 2091 Et
612 2028 690 2093 ratio
717 2030 802 2103 hujus
831 2027 1002 2093 diversitatis
1033 2027 1080 2090 do
1101 2027 1289 2092 Arbitroruni
1311 2029 1325 2100 J
1331 2029 1405 2104 mis,
1427 2028 1475 2094 seu
1493 2031 1711 2096 necessariorum
1733 2033 1830 2117 appel·

217 2114 274 2189 eli,
296 2112 367 2192 quia
387 2110 501 2175 Arbitri
526 2109 707 2186 voluntarii,
730 2109 777 2173 seu
800 2111 879 2172 Com
902 2107 1001 2172 tomis·
1043 2108 1097 2171 lari
1118 2110 1234 2192 poteli5
1256 2109 1277 2172 l.
1298 2109 1416 2174 Arbitri
1435 2135 1466 2190 9.
1480 2113 1520 2189 ff.
1575 2118 1607 2175 iri
1631 2113 1772 2194 satissime
1789 2136 1831 2175 co·

217 2192 281 2256 sarii
303 2193 480 2256 assumuntur
502 2189 613 2281 liberi,
643 2193 675 2254 δι
704 2209 785 2255 eitra
805 2130 998 2254 nereditatem
1038 2207 1159 2271 gantur,
1180 2208 1244 2266 cap.
1267 2189 1315 2251 Ab
1335 2189 1459 2253 Arbitrie
1481 2214 1529 2256 ιι.
1604 2195 1689 2270 ospicio
1709 2193 1830 2276 delegati

219 2272 437 2350 iurisdidlionis,
460 2287 492 2333 ut
515 2270 621 2334 dicitur
641 2276 672 2335 in
693 2273 775 2335 cias
798 2268 908 2348 Labeo,
929 2273 958 2349 §.
971 2293 998 2333 i.
1040 2275 1070 2334 iii
1091 2277 1120 2333 ό.
1142 2272 1173 2334 &
1194 2269 1296 2334 Glossa
1315 2270 1393 2335 final.
1415 2271 1540 2334 ibidem.
1561 2275 1612 2339 Ab
1624 2276 1761 2338 Arbitrio
1779 2296 1830 2358 pu·

215 2354 245 2415 br
266 2352 383 2417 Arbitri
405 2352 500 2428 lutis,
521 2350 569 2415 seu
589 2353 733 2416 necesarii
766 2351 944 2416 assumuntur
962 2373 999 2414 eir
1042 2368 1102 2416 terii
1123 2397 1134 2428 ,
1156 2349 1202 2416 seu
1222 2352 1322 2415 Laudo
1344 2352 1533 2417 Arbitroruiii
1564 2354 1829 2429 voluntariorum,
1861 2370 1866 2380 '

210 2431 405 2509 necesitate,
439 2429 486 2495 seu
528 2430 670 2513 rescripto
698 2432 806 2518 Juris,
836 2432 1000 2514 habentque
1042 2432 1089 2496 seii
1110 2433 1434 2517 Coinpromissatiotuoi
1457 2435 1596 2517 appellati
1625 2455 1684 2496 nori
1708 2436 1831 2518 porell3

212 2512 440 2588 iurisdisiionem
466 2533 475 2582 3
539 2510 594 2574 nde
623 2511 694 2574 sicut
724 2532 829 2574 mimus
857 2513 1001 2585 judicandi
1043 2516 1065 2576 s.
1089 2517 1174 2576 Diem
1190 2516 1312 2597 preferre
1334 2536 1383 2595 27.
1405 2518 1436 2592 §.
1448 2536 1476 2577 2.
1499 2515 1539 2578 Θ
1559 2517 1580 2578 l.
1602 2519 1665 2579 Nm
1683 2514 1830 2597 distingue·

130 2609 132 2611 ’
213 2595 255 2658 eli
276 2590 476 2662 necessitatis,
508 2590 541 2650 ἀ
570 2590 724 2652 necessario
753 2593 896 2675 acceptati
918 2594 1002 2657 debet
1043 2618 1105 2654 mire
1125 2617 1176 2675 32·
1196 2599 1226 2671 §.
1243 2617 1289 2672 14
1304 2596 1344 2670 ffl
1366 2599 1403 2658 de
1423 2601 1579 2674 Receptis,
1610 2599 1662 2676 qui
1680 2596 1832 2658 arbitrium

215 2675 238 2735 s.
261 2679 428 2748 mnrium,
454 2669 500 2732 18.
522 2669 724 2748 §.judicandi
742 2716 751 2746 ,
769 2674 807 2748 ffi
829 2671 864 2731 de
883 2678 1000 2735 muneri·
1036 2690 1211 2748 receerunt,
1234 2674 1354 2753 legibs
1369 2676 1511 2753 sententie
1535 2678 1642 2735 mciii.
1663 2675 1698 2735 de
1716 2680 1832 2756 receptis

211 2753 293 2830 bus,
316 2752 356 2817 (J
375 2748 545 2824 bonoribus,
568 2750 610 2813 ita
631 2751 722 2816 etiam
738 2753 801 2818 ‘boc
831 2772 935 2816 munus
956 2773 999 2815 at·
1041 2690 1186 2816 arbitris.
1209 2753 1251 2815 Et
1271 2753 1347 2815 ratio
1368 2752 1543 2817 diversitatis
1561 2755 1619 2830 eli,
1663 2754 1737 2829 uia,
1760 2776 1830 2817 cum

215 2834 343 2900 bitiandi
364 2879 373 2908 ,
394 2832 443 2898 seu
461 2830 606 2908 judicandi
627 2854 663 2895 eii
691 2830 854 2915 praescripto
884 2833 1000 2915 Legis3
1042 2852 1137 2917 patres
1157 2834 1395 2915 compromittere
1419 2832 1449 2894 iii
1479 2832 1616 2895 Arbitros
1640 2774 1750 2910 iuris,
1783 2834 1831 2900 seu

210 2916 334 2998 Pithing
353 2914 406 2976 lib.
420 2936 447 2976 1.
470 2911 572 2975 decret.
594 2915 783 2996 tit.43.n.4
817 2911 1000 2978 Reiffenstuel
1041 2914 1208 2977 necessarios
1219 2932 1370 2978 teneantur
1389 2911 1554 2978 necesiitate
1575 2914 1678 2996 Legis,
1702 2913 1828 2979 seucoa·

220 2998 258 3060 ib.
279 3024 308 3061 n.
322 3018 370 3060 20.
392 2995 424 3058 br
442 2993 495 3056 alii
517 2993 636 3078 passim.
1040 2995 1137 3059 silone
1157 2994 1266 3066 luditis
1286 3040 1296 3070 ,
1318 3016 1431 3078 equum
1455 2995 1523 3068 eli,
1546 3012 1578 3056 ut
1600 3016 1686 3077 pars,
1716 3016 1779 3077 qua·
1800 2995 1828 3058 se

177 3080 197 3142 8
255 3077 399 3156 Quamvis
416 3075 639 3140 autemArbitti
661 3074 839 3151 volimtarii,
863 3074 999 3139 seucum·
1042 3094 1193 3154 gravatam
1215 3075 1321 3151 sentit,
1343 3075 1379 3140 ab
1392 3095 1493 3139 eorum
1507 3075 1660 3148 Arbitrio,
1684 3074 1731 3137 seu
1750 3078 1826 3139 Lau-

217 3158 388 3245 ptomissatii
408 3180 443 3221 eit
456 3155 691 3241 disiiscompelli
705 3174 849 3237 nequeant
869 3157 997 3221 adcom-
1036 3157 1079 3220 do
1099 3201 1108 3232 ,
1131 3157 1178 3222 vel
1202 3156 1342 3220 sententia
1362 3154 1509 3240 appellare
1569 3153 1633 3216 ffit:
1663 3155 1693 3214 E
1713 3174 1827 3234 contra
1890 3231 1895 3238 ,

241 3240 384 3304 remissum
405 3239 631 3321 acceptandum,
655 3236 792 3321 compelli
812 3254 912 3303 tamen
933 3237 997 3319 pos·
1034 3255 1136 3301 autem
1158 3259 1224 3301 cum
1246 3255 1340 3319 partes
1360 3257 1419 3300 non
1441 3258 1511 3299 nece
1534 3253 1606 3299 itare
1625 3234 1740 3315 Legis,
1774 3257 1827 3302 nec

216 3261 280 3393 seint
301 3321 336 3385 ad
357 3318 429 3382 illud
460 3319 669 3402 implendum,
703 3319 724 3379 si
752 3319 996 3403 acceptaverint,
1034 3320 1188 3383 coasiione
1208 3317 1334 3395 iudicis,
1357 3316 1402 3382 sed
1424 3338 1519 3391 meta,
1543 3317 1574 3379 br
1603 3313 1759 3397 spontanea
1779 3314 1829 3380 sua

180 3428 198 3486 9
217 3420 298 3468 textu
318 3399 442 3485 expresso
461 3404 492 3461 in
511 3406 560 3463 cit.
582 3399 755 3480 leg.1abeo,
777 3402 807 3477 §⁴
820 3421 846 3463 2.
858 3402 923 3463 Nisi
943 3400 996 3462 ali·
1038 3400 1190 3465 voluntate
1210 3399 1349 3463 Arbitros
1368 3398 1579 3472 voluntarios,
1611 3396 1658 3458 seu
1679 3395 1826 3478 Compro

235 3483 292 3548 uod
313 3480 511 3567 superveniens
521 3481 725 3555 necessatium,
747 3501 780 3543 ac
794 3502 882 3560 grave
903 3483 995 3561 impe·
1038 3481 1180 3545 missorius
1199 3482 1335 3561 eligant,
1371 3480 1403 3541 a
1432 3477 1459 3542 se
1488 3478 1618 3561 obligent
1639 3476 1675 3538 ad
1695 3477 1825 3540 siendum

216 3507 377 3628 bimentum
390 3584 439 3626 eos
459 3560 589 3639 excuset,
611 3561 841 3639 utir'ivaletiido,
865 3563 996 3646 proprio·
1036 3583 1140 3625 eornm
1151 3561 1304 3636 Arbitrio,
1328 3559 1374 3624 seu
1392 3559 1511 3635 Laudo,
1533 3578 1647 3641 mutim
1667 3558 1725 3631 est,
1746 3559 1826 3639 quod

215 3667 279 3709 rum
299 3645 485 3727 negotiorum
507 3642 656 3708 necessaria
675 3643 829 3725 occupatio
856 3688 865 3719 ,
896 3664 999 3725 urgens
1040 3663 1099 3705 non
1122 3642 1296 3723 impugnent
1316 3640 1405 3715 illud,
1427 3641 1458 3702 di
1476 3660 1562 3724 pars,
1592 3657 1657 3719 quae
1677 3637 1824 3729 sengrava·

214 3725 375 3811 proseffio,
397 3723 559 3787 inimicitiae
571 3724 709 3809 capitales
729 3723 805 3788 inter
824 3745 890 3798 eos,
912 3725 944 3787 δι
964 3724 997 3785 li·
1040 3741 1105 3788 tam
1127 3721 1234 3798 sentit,
1256 3722 1306 3784 sibi
1330 3722 1473 3804 imputare
1493 3722 1596 3792 debet,
1619 3717 1639 3778 si
1659 3717 1762 3779 omisso
1774 3718 1789 3789 J
1794 3740 1823 3780 ii·

215 3809 375 3890 rigatores,
398 3804 555 3887 sirsceptum
576 3826 681 3869 munus
701 3804 739 3864 ali
763 3805 818 3868 uod
847 3803 997 3888 Reipubli·
1039 3805 1102 3868 dice
1123 3805 1321 3899 competenti,
1343 3821 1441 3881 aquo
1462 3801 1482 3860 si
1504 3798 1697 3872 lalasuisl'et,
1727 3796 1825 3881 appel*

213 3908 274 3963 ca,
297 3887 330 3949 δι
350 3879 532 3960 huiusmodi,
552 3903 636 3951 teitu
654 3824 779 3967 exprebso
799 3890 829 3947 iii
849 3887 901 3968 leg.
921 3891 999 3948 Licet
1040 3886 1099 3949 lare
1119 3885 1269 3969 potuisset,
1293 3881 1391 3948 voluit
1411 3880 1489 3943 adite
1520 3879 1703 3951 Arbitrum,
1736 3898 1825 3973 acu·

214 3987 306 4030 aretem
331 3987 379 4044 ις.
402 3966 440 4028 (J
459 3968 511 4050 leg.
524 3971 562 4028 Et
577 3968 607 4042 fi
627 3970 674 4029 16.
681 3966 764 4044 ffidr
784 3971 928 4048 Receptis,
950 3971 1001 4047 qui
1040 3967 1084 4040 jus
1099 3965 1252 4041 Arbitrio,
1274 3963 1321 4028 seu
1341 3962 1441 4024 Laudo
1463 3980 1521 4028 non
1541 3960 1627 4023 datur
1644 3956 1823 4041 appellatio,

216 4049 364 4112 arbitrium
383 4065 533 4137 receperunt
542 4074 555 4122 ‚·
577 4048 676 4110 Pirbin
718 4052 766 4112 cir.
778 4070 854 4108 num.
866 4068 896 4124 4.
917 4046 997 4110 Reis·
1039 4065 1124 4111 teitu
1145 4045 1270 4129 expresso
1290 4050 1321 4108 in
1342 4048 1392 4107 cit.
1413 4045 1434 4103 l.
1446 4045 1532 4103 Diem
1546 4042 1665 4125 proferre
1688 4059 1736 4117 27.
1750 4041 1780 4115 §.
1793 4058 1824 4136 e.

216 4130 331 4196 senliuel
352 4132 437 4191 citato
457 4152 531 4191 nien.
544 4151 592 4191 20.
613 4130 646 4193 δι
665 4071 715 4191 aiii
736 4126 854 4208 pallito.
1030 4129 1070 4205 ff.
1091 4127 1274 4210 descriptis,
1295 4124 1357 4188 ibi:
1378 4127 1455 4189 Stati
1469 4142 1562 4186 autem
1582 4119 1664 4185 debet
1679 4121 1825 4197 sentemie

166 4234 201 4276 io
256 4211 388 4274 Secundo
409 4206 567 4285 disserunt,
619 4209 668 4272 uia
687 4211 802 4273 Arbitri
823 4209 918 4283 luris,
947 4207 997 4272 seu
1037 4207 1169 4282 Arbitri,
1190 4233 1274 4290 quam
1293 4206 1328 4267 de
1347 4228 1376 4268 re
1395 4207 1500 4269 diercis
1521 4203 1611 4281 ,five
1630 4226 1735 4284 equa,
1759 4200 1827 4274 five
1879 4229 1885 4235 ¹

215 4288 356 4356 necessarii
378 4289 486 4353 haberit
506 4230 756 4368 jurisditionem,
787 4292 819 4353 δι
838 4288 996 4371 quamdam
1037 4293 1134 4371 iniqua
1148 4288 1187 4365 stt
1208 4333 1218 4364 ,
1242 4287 1281 4350 (J
1296 4285 1355 4364 ssbi·
1374 4291 1521 4372 imputet,
1560 4286 1591 4346 ui
1610 4278 1822 4377 compromisi-5

217 4371 423 4435 coercitionem
444 4392 462 4432 a
481 4371 560 4453 Lege
580 4371 643 4454 ipsis
663 4370 761 4437 datam
781 4371 817 4434 ad
845 4371 994 4452 expedien·
1037 4370 1137 4434 Glossa
1153 4367 1205 4446 sin.
1227 4373 1257 4431 in
1276 4375 1325 4432 cir.
1342 4389 1406 4456 cap.
1426 4367 1474 4430 Ab
1555 4364 1702 4429 it.Abbsis
1721 4387 1752 4424 in
1772 4381 1822 4425 cit.

215 4453 254 4514 da
274 4451 396 4529 omnia,
419 4472 482 4533 qua
504 4456 539 4515 ad
559 4453 681 4516 caussam
710 4452 897 4516 deliniendam
931 4450 996 4514 sunt
1038 4469 1097 4534 esp.
1118 4453 1287 4533 suspicionis
1307 4476 1335 4514 ii.
1347 4473 1377 4531 7.
1399 4449 1446 4514 En
1484 4449 1503 4508 1.
1525 4453 1545 4509 l.
1562 4446 1699 4509 1.decret.
1711 4447 1759 4505 cit.
1771 4461 1824 4523 43.
1870 4454 1876 4464 '

215 4531 393 4608 necessaria,
415 4550 448 4596 ut
470 4531 561 4597 citare
580 4551 699 4616 partes,
731 4533 810 4597 telles
839 4531 995 4617 compelle·
1039 4551 1107 4611 m7.
1131 4531 1253 4612 Pltliing
1280 4530 1321 4597 ib.
1342 4558 1370 4598 n.
1387 4552 1413 4613 5.
1472 4525 1626 4594 eilsenlluel
1656 4521 1697 4587 ib.
1726 4548 1755 4587 ci.
1771 4541 1821 4603 57.
1850 4524 1854 4544 '

215 4635 266 4694 re,
288 4611 391 4698 eosque
411 4616 597 4696 examinare,
618 4636 653 4680 oc
674 4615 776 4701 punire
788 4660 799 4698 ,
820 4615 841 4678 si
861 4615 914 4680 suit
936 4615 998 4679 ino·
1040 4615 1072 4680 δι
1092 4612 1143 4676 alil
1163 4610 1283 4698 passim.
1592 4637 1595 4642 ⁴
1711 4683 1799 4747 Lim
