4025 5284
512 133 1485 242 Atuauuautmatntx.
1678 165 1760 254 239

58 242 60 301 !
165 265 171 270 ·
198 251 359 330 tentiam,
393 243 602 318 sententiando
617 244 697 330 quod
730 267 748 308 a
776 234 877 317 Judice
905 244 995 311 suerit
1038 245 1099 309 lam
1120 242 1265 320 eausam3
1293 261 1354 330 rap.
1376 249 1451 308 Cum
1480 245 1714 331 appellationibus
1738 275 1765 334 5.
1786 254 1821 315 'ola

199 332 280 399 bene
300 334 477 410 judicatum,
501 330 533 393 δι
553 329 589 391 ab
610 326 776 411 appellante
799 326 875 389 male
897 327 993 409 appel.
1035 345 1070 408 ap
1089 328 1211 391 ellarian.
1232 331 1263 391 in
1286 333 1314 390 b.
1339 330 1369 405 §.
1392 332 1425 390 Si
1445 350 1538 404 vera,
1567 328 1618 391 ubi
1649 332 1685 393 stc
1707 334 1820 416 praecise

196 411 319 491 latum,
342 417 372 478 δι
394 415 413 476 st
434 410 567 487 invenit,
589 410 671 492 qued
690 408 779 480 ludex
801 431 820 468 a
839 429 891 488 qua
913 406 988 470 male
1030 409 1068 469 ba
1105 427 1172 473 tur:
1192 413 1226 472 si
1242 432 1309 470 uero
1326 408 1421 490 Jadett
1440 410 1574 472 admittat
1594 412 1720 473 eamdem
1741 415 1819 494 (sei-

194 494 399 568 judicaverir,
430 491 514 556 debet
538 491 629 555 latam
652 487 823 553 sententiam
856 489 958 549 callare
978 533 998 576 ,y
1029 488 1100 553 licet
1124 488 1355 575 appellationem
1376 489 1541 568 frivolam)
1562 493 1627 554 licet
1646 511 1706 555 tant
1726 495 1820 576 appel·

196 574 253 638 vel
276 574 365 658 ipsam
388 573 568 647 resormare,
591 569 702 654 aliquid
715 568 863 645 addendo,
886 567 989 631 velde-
1032 570 1132 646 latio,
1164 593 1248 651 quant
1278 572 1361 657 ipsius
1381 571 1495 653 Judieis
1523 570 1663 636 deletion
1683 580 1823 658 Superiora

198 655 363 731 trahendo,
386 673 474 738 prout
497 653 532 718 de
553 657 615 730 jure
635 672 708 735 opus
728 650 842 725 fuerit,
878 646 986 711 senten·
1030 652 1144 713 valeant
1166 654 1302 730 refutari,
1325 655 1393 734 quia
1413 672 1505 715 tamen
1518 651 1615 732 Judett
1635 655 1714 737 ipse,
1735 680 1821 737 quan·

193 734 299 800 dando
354 736 412 801 uod
448 734 492 799 ab
506 733 673 820 appellante
693 730 778 795 fuerit
800 730 869 794 bene
888 731 988 812 appel.
1035 749 1095 793 tum
1115 735 1147 794 in
1161 733 1196 813 se
1210 733 1272 812 full
1286 778 1295 810 ‚
1308 758 1338 800 ‚a
1350 736 1385 815 st
1402 732 1624 818 jurisdlfllllnem
1643 735 1793 800 abdicavit
1809 784 1820 816 ,

126 840 173 881 22
197 757 367 894 inumb
389 816 516 888 aludite
538 815 615 880 male
635 812 815 888 judicatum.
836 812 901 873 Nec
923 828 993 872 tunc
1034 812 1158 875 eamdem
1178 815 1354 898 appellationi
1375 814 1497 894 deferens
1527 819 1619 879 minue
1645 818 1749 899 justet
1781 839 1822 881 ²0·

195 896 259 979 ipse
280 898 371 971 ludet
391 900 433 961 ad
451 919 532 983 quem
567 895 661 980 potell
689 891 803 956 causam
835 892 989 955 remittere
1030 898 1086 957 riae
1114 895 1201 974 eausa
1228 895 1325 971 decisio
1353 899 1561 980 insuperiorir
1592 897 1822 1059 eslffpotellurem

195 978 237 1041 ad
258 979 391 1051 Iudicem
413 1003 432 1038 a
452 1003 504 1061 quo
527 1023 537 1055 ,
571 975 618 1040 sed
647 989 761 1039 tenetur
780 992 845 1037 eam
868 972 988 1057 propria
1028 976 1201 1054 transfusa,
1231 999 1280 1039 nec
1298 975 1335 1056 est
1353 977 1401 1039 t'llt'
1418 981 1502 1071 causa
1521 980 1558 1041 tle
1577 1001 1641 1040 nece
1663 998 1731 1041 trare
1750 982 1820 1043 ulte·

193 1057 348 1125 sententia·
365 1060 518 1136 ultimate,
540 1059 572 1122 δι
592 1054 730 1128 definire3
759 1054 782 1116 l.
805 1057 858 1117 Eos
877 1099 886 1129 ,
908 1057 959 1134 qai
979 1077 990 1130 ,'
1032 1059 1089 1117 rius
1108 1055 1273 1119 remittenda
1282 1081 1296 1130 ;
1320 1057 1350 1119 iu
1371 1056 1424 1119 tali
1437 1058 1525 1140 igitur
1542 1057 1608 1123 casu
1631 1062 1688 1124 erit
1708 1059 1738 1122 in
1758 1061 1818 1145 ple'-
1850 1092 1854 1098 ·

192 1141 272 1201 Cod.
295 1141 330 1201 de
350 1140 483 1225 appellat.
508 1138 546 1202 (a
577 1138 727 1221 euplii,
777 1138 808 1198 ui
836 1134 988 1217 appellat,
1032 1158 1069 1198 na
1090 1136 1223 1200 libertate
1240 1137 1349 1210 Iudicis
1368 1137 1409 1197 ad
1426 1160 1506 1217 quem
1526 1139 1617 1201 talem
1641 1140 1756 1205 causam
1776 1164 1821 1206 te-

193 1220 274 1365 gas.
291 1241 319 1281 2
324 1220 432 1361 Ᾰῖιβ.
447 1225 475 1284 6.
499 1221 527 1298 §.
543 1216 591 1280 Ab
610 1241 663 1358 aab
679 1216 729 1279 ubi
751 1160 787 1359 sip
805 1212 926 1357 placiseo
939 1213 988 1277 ba·
1032 1216 1236 1360 mittere,syel
1258 1238 1336 1313 non,
1349 1235 1445 1359 gpopst
1466 1218 1517 1314 subi
1539 1218 1659 1315 libuerit
1673 1266 1701 1361 ὁ
1723 1220 1819 1291 Judici

58 1432 59 1447 .
192 1317 348 1463 stifft..
362 1318 677 1466 ,triballis
717 1314 875 1475 labli}
897 1320 988 1474 {ib
1022 1315 1455 1474 §.obnubilanti
1469 1317 1656 1464 {bibli
1677 1320 1820 1452 abab

193 1466 287 1542 feeerit
301 1480 509 1545 provocatum
529 1476 689 1544 quapropter
709 1463 869 1522 remittenda
890 1458 986 1540 ltttga·
1034 1462 1065 1524 δι
1084 1461 1155 1525 alti.

199 1563 275 1608 tores
292 1546 333 1605 aa
347 1546 533 1624 provincias,
564 1559 696 1603 remotam
719 1541 777 1618 fibi
796 1538 986 1616 occasionem,

195 1646 284 1709 atque
304 1624 443 1705 exclusam
456 1627 570 1705 penitus
597 1623 785 1707 intelligant,
816 1645 878 1687 cum
903 1618 988 1706 super
1188 1622 1357 1688 Adlitiams
1377 1637 1411 1686 tx
1429 1623 1521 1688 aliena
1540 1645 1643 1688 manu.

195 1712 276 1771 ononi
297 1707 383 1785 causa·
396 1703 577 1786 interpositam
591 1709 839 1788 provocationem,
869 1702 921 1764 ves
948 1708 991 1765 ire·

123 1801 131 1812 ’
193 1783 991 1871 justamtantumlieeatpronttnau'are,veljullart13&
1074 1782 1119 1846 De
1139 1780 1240 1849 effestu
1260 1804 1277 1846 a
1299 1783 1483 1867 pellationis,
1506 1784 1537 1847 itt
1557 1805 1617 1880 quo
1638 1802 1700 1850 tam
1713 1786 1815 1870 appel-
1839 1788 1901 1866 abn

199 1869 304 1933 Glolsa
325 1872 355 1930 in
376 1872 424 1930 eit.
436 1884 495 1950 cap.
507 1872 545 1928 Ut
554 1865 679 1942 debitus,
701 1864 781 1928 verb.
792 1866 946 1946 Alioquin.
1032 1862 1121 1958 lautia
1140 1864 1171 1926 u
1192 1803 1365 1947 appeliati,
1398 1885 1487 1943 quarn
1507 1865 1523 1938 J
1529 1866 1621 1929 udicis
1636 1893 1657 1927 a
1676 1885 1756 1948 quo,
1788 1869 1820 1933 δι
1846 1879 1849 1882 ’

137 1976 173 2042 23
246 1948 420 2032 Appellatio
440 1970 458 2011 a
479 1946 621 2012 sententia
642 1945 888 2019 interlocutoria,
912 1944 932 2007 fi
954 1944 987 2007 stt
1028 1942 1137 2015 Judtets
1158 1944 1295 2026 adquam
1318 1942 1516 2026 apellatum,
1547 1943 1645 2009 officia
1666 1947 1817 2013 continen-

58 1992 60 2069 l
200 2029 356 2117 probatal
395 2028 499 2106 ‘ima‚
522 2029 554 2092 bt
571 2051 605 2093 eu
627 2028 797 2093 rationabili
818 2025 902 2091 eausa
923 2045 988 2110 pro·
1029 2040 1096 2118 tur,
1130 2025 1212 2087 adifis
1232 1965 1356 2089 Cletzei.
1377 2024 1413 2119 de
1430 2025 1566 2120 appellat.
1587 2044 1649 2109 cap.
1677 2029 1757 2107 sexto
1778 2030 1820 2095 (r

198 2114 341 2188 veniens,
359 2048 497 2177 bielno
520 2126 616 2174 totam
637 2108 771 2186 causam,
803 2107 918 2192 ejusque
940 2127 986 2170 to·
1029 2107 1129 2166 ultuma
1142 2124 1195 2202 per
1215 2106 1409 2169 tat.Materta
1430 2128 1509 2170 enom
1531 2107 1580 2172 bic
1599 2108 1756 2186 addenda,
1787 2111 1820 2173 δι

198 2194 370 2276 gnitionem
391 2193 569 2267 adJudicem
590 2191 630 2252 ad
648 2215 751 2275 quem:
774 2190 904 2271 quirunt
925 2208 985 2251 non
1026 2185 1185 2270 prasertim
1209 2208 1227 2248 a
1248 2184 1364 2250 laudato
1387 2186 1693 2267 namnetorum,
1717 2188 1818 2273 ampla

201 2277 286 2340 debet
319 2272 434 2339 causam
469 2274 616 2337 remittere
645 2273 681 2336 ad
700 2272 833 2344 Iudicem
865 2293 884 2330 a
903 2293 985 2351 quo,
1028 2266 1100 2332 adeo
1121 2269 1188 2343 est,
1221 2283 1254 2330 ut
1275 2267 1354 2330 intra
1372 2268 1504 2349 angustor
1526 2266 1636 2335 limitet
1658 2270 1743 2348 buitta
1764 2271 1814 2334 ad·

199 2356 250 2415 sed
269 2354 392 2439 ipsemet
412 2353 503 2418 etiarn
526 2353 561 2417 de
582 2352 664 2417 causa
693 2355 788 2437 princi
809 2350 849 2415 ali
879 2371 914 2413 co
936 2370 988 2413 no·
1030 2348 1151 2412 ditionis
1172 2346 1311 2412 coarblati
1331 2346 1409 2413 haud
1430 2347 1578 2432 patiatur.

193 2431 296 2508 scere,
327 2433 468 2516 &ipsam
490 2435 673 2506 terminare,
709 2432 757 2496 seu
790 2372 1001 2494 ententiaiitet·

195 2512 348 2584 definire;
368 2532 427 2595 cap.
451 2517 490 2573 Ut
508 2510 619 2576 debitio
638 2510 720 2596 butor
731 2532 779 2592 59.
801 2510 837 2573 ale
856 2510 991 2592 appellor.
1206 2511 1239 2576 A
1259 2530 1281 2573 n
1302 2528 1326 2572 r
1348 2529 1362 2572 1
1381 2527 1402 2571 c
1423 2529 1446 2573 u
1469 2528 1488 2573 t
1509 2532 1566 2575 ua
1614 2512 1654 2574 X.

195 2590 379 2658 ubidicitur
400 2613 434 2656 er
459 2590 523 2653 resle
547 2612 555 2650 ε
584 2590 806 2674 Alioqtaititse
830 2590 991 2675 procedet.

137 2699 179 2756 ²4
197 2674 233 2737 Si
255 2693 326 2738 vero
349 2610 523 2756 Appellatio
543 2670 581 2733 ab
601 2671 828 2734 interlocutoria
837 2687 906 2733 ¹uon
920 2669 988 2732 itte
1031 2666 1204 2752 Appellatio
1224 2668 1322 2751 quoad
1340 2684 1503 2750 attentata,
1538 2672 1570 2735 δι
1591 2671 1811 2737 revocationem

195 2755 239 2820 rit
259 2752 382 2836 probata
411 2749 573 2833 legitima,
605 2751 638 2814 br
659 2749 870 2827 rationabilia,
904 2747 989 2814 debet
1367 2769 1493 2814 eorum.

196 2835 290 2909 Iudex
311 2837 351 2897 ad
370 2856 450 2916 quem
471 2831 621 2896 remittere
641 2831 756 2895 causam
797 2829 890 2916 princi
912 2832 990 2896 alem

198 2916 296 2992 ludici
317 2940 336 2977 a
356 2939 409 2996 quo
430 2961 439 2991 ,
471 2913 503 2975 δι
534 2912 802 2988 irrationabiliter,
877 2913 990 2979 '‘rtme
1102 2914 1262 2991 Ttentata,
1283 2927 1370 2996 prout
1391 2913 1428 2977 ad
1445 2912 1564 2998 presens
1584 2914 1711 2999 spebiet,
1733 2913 1812 2980 idem
1837 2937 1852 2980 r

198 2996 399 3083 appellantem
420 2995 448 3055 in
462 2993 587 3074 expensis
609 2992 692 3058 alteri
714 2993 826 3077 partic
868 2994 986 3057 demna·
1124 2995 1189 3060 sunt
1209 3016 1242 3059 ac
1264 2993 1404 3058 innovata
1423 2995 1616 3074 contraius,
1650 2997 1732 3073 lite,
1767 2994 1816 3062 seu
1887 3035 1891 3040 -

200 3101 257 3153 ret
284 3080 331 3142 cit.
353 3095 412 3161 cap.
425 3078 464 3137 Ut
476 3071 586 3137 debitur
613 3074 694 3139 bonor
716 3099 764 3156 59.
786 3076 822 3136 de
854 3092 890 3159 ap
909 3076 986 3140 ellat.
1028 3075 1224 3159 appellatione
1253 3074 1423 3160 pendente.
1453 3076 1613 3162 Colligitur
1646 3100 1681 3140 ee
1701 3079 1723 3140 l.
1747 3080 1815 3141 Uni·

202 3158 279 3223 ibi:
308 3163 381 3224 cum
400 3174 494 3219 autem
518 3155 649 3237 (scilicet
681 3157 746 3240 quis
776 3174 844 3220 ante
879 3093 988 3220 (inten-
1031 3181 1081 3234 ca,
1095 3158 1136 3235 βξ
1159 3157 1244 3222 Nihil
1262 3159 1361 3221 novari
1380 3182 1397 3216 a
1410 3157 1559 3240 pollutione
1578 3158 1752 3242 intetpofita,
1776 3156 1816 3221 (a

201 3238 303 3317 tiam)
322 3261 356 3301 et
375 3235 537 3301 rationabili
564 3242 648 3319 eausa
674 3242 819 3321 putaverit
846 3262 865 3298 a
902 3240 990 3302 ellan·
1031 3240 1365 3303 ettototitulo=16.llt
1395 3241 1435 3300 ire
1448 3238 1614 3322 pendente,
1644 3238 1720 3320 nibil
1739 3243 1814 3304 inno

203 3321 273 3384 dum
292 3344 382 3384 corant
402 3319 494 3382 eodem
506 3316 637 3400 Judice‚
658 3323 740 3401 causa
753 3317 872 3403 probabi
881 3324 894 3383 i
900 3321 993 3405 appell
1032 3338 1132 3385 vetur.
1156 3319 1198 3387 Et
1216 3319 1325 3385 merito
1345 3318 1480 3384 dicuntur
1499 3320 1661 3397 innovata,
1682 3318 1816 3402 quim-fi
1838 3342 1856 3383 2

203 3400 317 3470 lationis
335 3403 473 3487 exposta,
496 3401 551 3462 tali
567 3400 716 3476 videlieet,
737 3401 912 3484 quefisorte
926 3421 989 3486 pru
1032 3402 1105 3466 nihil
1128 3402 1312 3479 innovetur,
1344 3398 1391 3465 sen
1411 3421 1471 3465 non
1500 3400 1553 3466 fiat
1582 3399 1693 3484 aliquid
1713 3397 1814 3477 novi,

207 3482 274 3546 bata
294 3481 403 3549 deberet
423 3484 551 3565 legitimo
570 3486 706 3566 reputari,
742 3487 865 3568 Superior
883 3483 919 3546 de
938 3504 985 3568 ap
1027 3483 1106 3568 quod
1126 3500 1213 3548 antea
1233 3483 1384 3566 inceptum
1403 3502 1462 3545 non
1482 3480 1598 3558 suerit,
1627 3502 1688 3546 non
1720 3500 1809 3547 voca·
1890 3515 1893 3522 =

203 3566 351 3650 pollutione
371 3589 400 3629 co
435 3566 538 3645 astat:
573 3564 658 3641 Ettfi
675 3569 766 3628 minut
784 3565 988 3630 rationabiliter
1027 3584 1076 3630 tur
1095 3580 1296 3641 attentatum,
1318 3561 1365 3627 sed
1385 3564 1484 3645 potius
1502 3561 1728 3627 continuatum.
1749 3562 1845 3645 ΑΜ

204 3670 265 3710 eum
283 3591 434 3729 appellati?
446 3646 617 3724 constiterit,
650 3646 733 3709 illum
765 3649 806 3709 aa
834 3650 990 3727 inferiorem
1031 3661 1143 3711 tentare
1165 3646 1245 3709 enim
1264 3664 1324 3708 non
1345 3642 1454 3706 dicitur
1475 3643 1527 3723 is,
1558 3643 1610 3726 qui
1630 3641 1701 3706 satit
1721 3641 1818 3706 astum

206 3731 355 3804 remittat,
379 3726 418 3792 (r
438 3731 502 3791 ine
553 3727 607 3804 nfis
625 3727 709 3789 alteri
724 3733 989 3810 poenitentemne,
1032 3726 1257 3804 continuatum,
1279 3724 1369 3801 idest,
1392 3724 1444 3806 qui
1464 3726 1545 3788 conti
1568 3723 1726 3788 tatanem
1767 3743 1829 3796 rae·=

151 3830 186 3892 ες
209 3811 335 3891 alioquin
354 3811 410 3902 ipse
426 3745 573 3891 protexi.
594 3809 836 3888 lncasuautem,
857 3811 993 3892 quodJu·
1035 3806 1202 3883 cedentem,
1237 3804 1308 3890 quia
1328 3803 1383 3879 lis,
1406 3802 1452 3868 seu
1472 3746 1631 3900 appellatio
1652 3825 1713 3869 non
1733 3743 1819 3868 tiebat

210 3892 264 3956 dex
287 3913 306 3952 a
326 3913 378 3971 quo
396 3910 457 3962 tam
479 3889 530 3974 ipsi
551 3890 740 3973 appellationi
767 3889 897 3969 frivola,
919 3891 994 3957 &il-
1035 3908 1250 3972 quemcumque
1269 3884 1318 3953 sua
1348 3883 1511 3968 possessione
1541 3906 1685 3969 pnrare,
1716 3885 1748 3949 δι
1767 3906 1816 3949 ne·

210 3970 350 4054 legitima
371 3968 503 4035 detulerit
532 3971 713 4036 concedendo
741 3971 820 4038 verb.
841 3975 991 4057 gr.'Apo
1032 3992 1085 4037 tno
1115 3986 1232 4036 tenetur
1260 3968 1385 4033 desistere
1404 3987 1423 4029 a
1442 3966 1668 4033 continuatione
1699 3965 1742 4030 sui
1771 3967 1816 4040 ju-

211 4052 297 4117 ilolos
318 4048 532 4128 Dimisimus,
563 4052 613 4117 uel
644 4051 888 4128 Revertentes,
921 4072 991 4118 tunc
1033 4053 1092 4128 ris,
1115 4069 1167 4115 aut
1227 4047 1378 4126 sessionis,
1423 4065 1521 4130 ropter
1539 4047 1670 4130 aliquam
1689 4046 1816 4132 appella-

212 4133 300 4206 ]udex
320 4132 478 4213 adquam,
499 4155 558 4202 non
579 4134 736 4212 obllante,
765 4134 845 4218 quod
865 4136 991 4218 appella·
1033 4133 1172 4207 tionem3
1218 4131 1359 4196 tancilcus
1410 4128 1559 4195 erculanus
1578 4147 1645 4194 tom.
1658 4126 1817 4211 5.Trabit·

213 4215 254 4279 tio
273 4214 307 4278 fit
329 4212 454 4291 frivola,
476 4214 508 4278 bt
528 4215 700 4299 illegitima,
733 4217 825 4281 adhuc
885 4217 939 4280 tesi
960 4217 991 4278 in
1033 4236 1111 4277 tuum
1131 4213 1212 4278 trabi.
1233 4214 1268 4276 de
1287 4215 1431 4276 attentatis
1464 4233 1528 4295 e.3.
1550 4233 1625 4275 num.
1639 4232 1670 4291 4.
1693 4209 1733 4274 Θ
1755 4210 1820 4289 seq.

215 4310 275 4359 tota
293 4291 377 4382 eausa
397 4295 574 4377 procedere,
606 4295 755 4393 ipsamque
783 4315 831 4361 tot
861 4297 918 4361 itet
937 4314 994 4363 ter·
1036 4294 1151 4360 Scaccia
1170 4295 1261 4379 quali.
1275 4317 1305 4373 4.
1327 4293 1585 4378 deappellatmunt.
1598 4311 1649 4373 70.
1669 4288 1820 4358 Francltue

214 4375 338 4451 minare,
360 4396 413 4439 uec
425 4391 560 4454 tenetur,
580 4395 623 4441 utt
637 4378 734 4461 ptius,
758 4376 848 4462 ipsam
861 4378 990 4445 remitte·
1035 4381 1066 4441 in
1086 4383 1230 4473 eapcurn
1249 4395 1389 4441 teneamur
1406 4396 1452 4456 17.
1480 4373 1516 4436 de
1535 4374 1668 4458 appellat.
1696 4393 1774 4436 num.
1788 4388 1817 4431 1.

214 4476 243 4519 re
260 4454 351 4526 ludici
371 4479 390 4518 a
410 4479 483 4539 qua,
511 4479 589 4526 ,cunt
609 4459 667 4536 ipse
687 4460 846 4543 petralem
867 4459 989 4526 delatio-
1031 4457 1134 4523 &alti
1156 4479 1224 4525 cum
1245 4459 1324 4524 Rota
1389 4457 1544 4537 cistam44.
1574 4479 1651 4522 nuta·
1664 4473 1691 4516 1·
1721 4450 1763 4517 Φ
1786 4472 1816 4512 2·

213 4556 278 4597 nem
299 4533 403 4601 satiem
422 4538 617 4622 appellationi
640 4540 751 4605 frinone
770 4541 918 4608 censeatur
938 4542 987 4608 ab·
1030 4540 1065 4603 de
1113 4541 1259 4624 pellation.
1279 4543 1310 4605 in
1384 4536 1482 4619 ifiEt
1512 4536 1625 4602 additur
1653 4550 1746 4599 eontta
1758 4536 1855 4613 Juu

214 4613 309 4685 dicasse
331 4639 350 4683 a
369 4618 397 4685 se
418 4641 539 4688 omnem
566 4618 795 4696 ‘iurisdietionem
825 4624 927 4711 quoad
956 4625 996 4689 il··
1033 4622 1069 4688 ad
1084 4555 1304 4702 bornam,
1356 4619 1496 4698 uolua,
1531 4637 1595 4703 quat
1613 4613 1689 4684 fiunt
1709 4615 1817 4762 demna-
