4025 5284
244 141 325 253 258
480 130 1503 231 APPROBATIO,&c.Ant.II.

184 257 307 320 Ordinis
341 247 520 316 Praedicaror.
553 245 583 307 in
622 241 781 307 Conslitut.
815 243 971 324 incipiente
1013 240 1161 303 licentiam
1183 241 1307 303 habeant
1340 241 1456 305 santum
1492 237 1711 303 Ptaelatotum.
1744 241 1792 306 Sic

186 339 321 401 Pervenit
340 355 374 397 err
393 337 483 414 vestra
502 326 658 388 amarante
677 322 801 399 affatio,
824 322 970 403 editasee-
1012 320 1148 386 Clemens
1168 322 1260 384 Vlll.
1282 321 1312 382 in
1334 321 1548 386 Constitutione
1568 321 1790 404 incipientelta

186 421 320 483 andecimo
330 415 473 480 Kalendas
484 406 636 473 Naumbr.
653 423 739 480 ¹40⁴·
755 403 785 465 bt
798 402 896 467 Sixtut
908 405 966 467 IV.
1009 407 1087 464 mani
1107 401 1268 476 Pantilicir,
1290 401 1359 465 data
1381 425 1428 476 η.
1452 401 1590 464 Noumeb.
1616 423 1705 480 ¹5⁹9·
1741 403 1795 464 rabi

186 499 336 565 Fratribus
356 491 500 558 Minorib.
524 488 553 547 in
575 483 787 546 Conlliturion.
811 484 967 568 incipiente
1008 483 1183 546 declaratio
1206 482 1341 546 omnibus
1371 482 1488 544 indultis
1518 503 1678 563 numquam
1711 481 1791 546 fuisse

186 581 343 650 Sanslr'cavi
364 571 451 636 Nobis
470 566 615 630 humiliter
627 563 734 642 sectilis
753 564 798 629 die
824 587 869 629 rr.
902 567 965 629 Au·
1009 583 1136 627 mentem
1157 563 1236 627 Sedit
1257 564 1431 646 Apostolicae
1450 563 1516 625 dare
1552 565 1702 626 licentiam
1737 564 1792 628 ulli

208 601 258 724 „iii
283 675 370 732 ¹⁴79·
392 673 408 712 a
430 650 465 714 ud
487 645 618 713 Conse&
641 645 787 711 reticendo
807 646 877 710 alias
897 669 965 710 con.
1008 643 1177 723 Religioso,
1199 645 1245 709 vel
1268 642 1400 706 Moniali
1421 643 1576 707 confitendi
1599 644 1687 710 alicui
1721 665 1791 708 con-

185 687 290 802 irmiser
310 753 380 796 conc
421 753 501 796 ronea
521 729 608 792 faflat
629 729 665 792 ab
685 727 750 789 aliis
780 728 967 791 Pontificibus
1006 742 1054 787 tra
1073 723 1286 808 dispofitionem
1309 723 1422 787 suorum
1444 725 1656 807 Superiotum3
1678 724 1725 790 sed
1747 726 1793 789 in·

184 819 251 884 aliis
272 813 479 896 Regulatibus,
502 831 568 875 cum
600 810 634 872 srt
666 806 838 892 superfluum
866 830 967 873 omnes
1007 807 1092 887 quit,
1114 805 1204 884 nostre
1223 809 1382 869 intentionis
1392 805 1517 883 eeijim,
1540 810 1614 887 quod
1623 808 1709 869 iidem
1720 812 1794 869 fra·

184 899 255 964 alias
275 894 467 959 concessiones
490 889 657 975 sugillatim
678 889 837 964 adducere,
859 913 892 953 ex
907 910 965 968 quo
1007 906 1083 963 tres,
1106 887 1145 950 (a
1166 888 1324 962 Mumales,
1345 903 1479 969 quantem
1496 887 1793 953 adsacramenriPoe·

186 979 237 1045 alii
258 977 477 1042 communicent
500 975 529 1037 in
552 973 606 1035 boc
629 970 783 1056 privilegio
803 971 965 1053 cumipsrs.
1006 973 1143 1044 nitentia,
1153 969 1684 1048 seucenseffronisadmim'flrarionem,
1699 971 1793 1051 dispe»

184 1061 235 1124 Eu
256 1059 422 1123 communic
437 1053 768 1128 sententiaDoslorum,
789 1054 858 1129 quia
868 1073 917 1135 per
932 1051 965 1111 li·
1002 1051 1098 1126 siriani
1112 1053 1224 1130 sianum
1244 1052 1421 1112 Praelatorum
1437 1050 1560 1134 fivbjefii
1575 1052 1652 1126 fine,
1682 1051 1791 1132 Apollo

184 1141 311 1206 centiam
335 1138 512 1214 itinerandi,
535 1136 581 1200 vel
605 1135 690 1198 aliam
726 1133 886 1216 legitimam
917 1154 965 1195 oc·
1006 1133 1064 1194 lica
1083 1131 1245 1193 audiarirare
1266 1151 1353 1195 terrore
1369 1135 1545 1212 prasinum
1559 1149 1687 1215 perpetuo
1699 1132 1792 1194 decla·

185 1223 325 1289 casronem
347 1239 428 1285 extra
450 1220 640 1282 Contentum
673 1216 877 1301 permanendi,
900 1235 968 1276 con·
1009 1233 1120 1275 ramur.
1150 1213 1180 1274 Si
1208 1232 1279 1275 vero
1309 1212 1460 1291 Regularis
1489 1213 1592 1276 babeat
1623 1213 1792 1296 legitimam
1816 1221 1855 1279 16

129 1331 165 1376 ro
187 1303 298 1370 ceditur
331 1301 388 1363 illis
419 1300 563 1383 implicite
595 1299 662 1362 ralis
692 1297 837 1362 facultas.
869 1297 968 1359 lrumo
1009 1293 1178 1357 facultatem
1198 1312 1217 1352 a
1238 1290 1289 1355 suo
1309 1292 1430 1355 Ptaelaro
1452 1292 1576 1375 eligendi
1598 1295 1649 1358 fibi
1670 1295 1790 1359 Confes-

185 1389 288 1451 Suatez
307 1382 344 1442 de
359 1381 542 1466 ponit.dth.
560 1381 607 1441 28.
627 1378 696 1461 sebi.
717 1402 747 1456 4.
770 1399 835 1442 cum
868 1376 969 1440 multis
1010 1375 1115 1439 sarium
1138 1392 1220 1438 extra
1241 1372 1323 1437 fuum
1345 1375 1510 1451 Ordinem,
1542 1377 1652 1458 poterit
1686 1376 1792 1460 eligere

185 1466 272 1540 aliis,
295 1463 342 1526 Sa.
363 1466 395 1525 in
419 1464 531 1543 flamma
560 1460 638 1524 verb.
667 1461 817 1542 Conseffar.
849 1483 925 1522 num.
938 1464 967 1520 6.
1009 1457 1098 1522 etiam
1121 1455 1278 1600 implicem
1300 1455 1501 1531 Sacerdotem,
1524 1458 1580 1520 sive
1600 1457 1790 1535 Secularem,

184 1551 288 1634 §potet
308 1542 438 1625 Theolog.
460 1548 630 1603 Sacramenr.
646 1560 722 1624 parc.
735 1566 762 1626 3.
785 1559 846 1623 cap.
857 1544 885 1603 6.
894 1538 963 1620 sesi.
1007 1541 1065 1605 srve
1086 1539 1168 1619 Regu
1180 1558 1258 1601 arem
1288 1557 1349 1598 non
1380 1538 1573 1619 approbatum
1605 1539 1641 1601 ab
1672 1539 1795 1622 Episco-

103 1626 107 1638 '
187 1625 401 1704 1.num.685.
434 1624 549 1684 Lezana
580 1642 645 1682 rom.
670 1643 696 1682 r.
717 1640 776 1704 cap.
800 1625 845 1684 18.
866 1649 896 1684 n.
917 1643 964 1697 27.
1008 1641 1068 1705 po,
1089 1621 1178 1700 quia,
1200 1637 1232 1682 ut
1252 1617 1325 1680 dicit
1346 1618 1495 1680 Navarrus
1515 1618 1790 1698 inEncbirid.c.4.

186 1705 320 1773 Corduba
336 1706 419 1786 supet
451 1702 552 1784 Regias.
576 1704 723 1781 francisci
753 1718 812 1783 cap.
833 1723 862 1780 7.
904 1746 911 1762 .
937 1724 964 1779 3.
1007 1704 1039 1763 in
1061 1699 1197 1763 addition.
1219 1698 1385 1780 adprimum
1398 1698 1521 1772 dictam,
1543 1699 1711 1763 Concilium
1721 1704 1789 1765 Tri·

179 1786 274 1876 panii.
300 1807 326 1848 r.
350 1787 436 1866 Burg.
460 1801 530 1845 tenc.
548 1801 575 1845 a.
598 1784 671 1863 caus.
701 1782 731 1844 8.
763 1725 910 1863 Rosrgnol.
933 1781 967 1840 de
1008 1781 1086 1843 dent.
1107 1780 1182 1841 nihil
1204 1780 1279 1841 circa
1308 1778 1497 1842 Confusarios
1526 1780 1713 1861 Regularium
1745 1784 1788 1845 in·

186 1877 352 1935 sacrament.
376 1867 526 1930 Poenirenr.
547 1865 638 1944 quasi.
652 1885 681 1943 7.
704 1883 758 1926 arr.
785 1867 830 1926 16.
849 1886 925 1925 num.
939 1883 965 1941 5.
1009 1859 1132 1925 novavit
1154 1860 1187 1924 de
1207 1860 1274 1931 Jure
1294 1860 1439 1941 antiquo..
1462 1861 1507 1923 De
1527 1863 1590 1933 jure
1619 1881 1716 1926 aurern
1737 1885 1787 1926 an-
1814 1889 1852 1948 ¹7

186 1950 327 2015 Tambur.
347 1945 379 2009 ἃ
409 1945 460 2009 alii
491 1944 577 2008 multi
606 1962 709 2009 contra
738 1943 871 2026 vasquez
899 1965 966 2007 cum
1009 1944 1093 2025 tiquo
1124 1941 1261 2006 habentes
1290 1940 1440 2004 licentiam
1481 1940 1605 2022 eligendi
1645 1944 1786 2008 Confessa-

187 2031 302 2117 paucis,
325 2043 424 2092 tenent
445 2027 520 2110 posse
549 2026 621 2090 talea
651 2024 805 2108 Regulares
834 2024 966 2090 confiteri
1008 2025 1103 2098 rium,
1126 2041 1261 2108 poterant
1281 2023 1384 2103 eligere
1404 2023 1588 2086 Sacerdotem
1608 2023 1784 2108 simplicem,

188 2112 358 2190 cuicumque
379 2107 501 2192 srmplici
537 2106 704 2180 Sacerdoti,
736 2107 793 2172 srve
813 2107 964 2185 Saeculari,
1007 2106 1096 2171 etiarn
1120 2106 1155 2167 ab
1176 2103 1323 2188 Episcopo
1352 2126 1411 2167 non
1445 2107 1657 2187 aprobatum,
1694 2107 1724 2168 bc
1750 2107 1786 2172 ad

131 2217 164 2260 rr
189 2195 245 2258 frve
267 2190 421 2286 Regulari,
444 2188 511 2253 licet
532 2208 550 2249 a
570 2185 967 2282 nulloordinar'ioapproba-
1010 2189 1066 2251 hoc
1088 2185 1197 2249 faciunt
1227 2185 1322 2261 dina,
1356 2186 1389 2247 ἃ
1416 2125 1529 2248 audiui
1564 2185 1722 2251 Dofiotes.
1733 2187 1787 2269 sab

188 2266 674 2433 ii’Cdriliisdriisssuiapieioiiiissidt
693 2266 967 2443 {diiibipiisiondiirii
1009 2265 1226 2441 n'iiiglririii
1239 2269 1420 2426 diriinscio,
1455 2350 1502 2413 vel
1533 2348 1631 2416 invito
1660 2352 1782 2417 Praelaro
1810 2350 1859 2413 18

185 2451 253 2498 ante
274 2430 441 2496 Concilium
495 2429 668 2492 ridentinum
690 2430 812 2492 adstricti
847 2451 905 2493 non
928 2430 966 2493 ef·
1010 2429 1051 2491 sui
1071 2429 1191 2489 Ordrnrs
1212 2427 1387 2571 approbatur
1420 2429 1458 2491 ab
1486 2431 1642 2497 Ordinatio
1672 2434 1706 2495 ad
1734 2457 1783 2496 au-

186 2514 268 2589 sent,
290 2513 321 2576 δι
342 2533 391 2596 pet
412 2512 580 2574 Concilium
603 2508 678 2570 nihil
711 2511 744 2573 srt
775 2510 966 2575 immutatum
1009 2509 1125 2572 diendac
1146 2507 1238 2572 Confe
1261 2530 1340 2573 rones
1361 2509 1393 2570 in
1414 2508 1463 2572 sua
1483 2510 1623 2588 Diones,
1646 2512 1715 2577 licet
1736 2535 1787 2576 eas

185 2594 262 2660 circa
282 2591 478 2656 confessiones
509 2589 697 2670 Regulatium
710 2614 719 2664 3
748 2611 817 2655 nam
850 2592 877 2651 in
911 2594 966 2655 De·
1010 2589 1112 2654 illicite
1133 2589 1248 2665 audiat,
1269 2613 1303 2654 err
1324 2611 1385 2671 quo
1405 2609 1505 2671 peccet
1520 2613 1621 2658 comta
1638 2593 1787 2659 Obed'ren·

184 2691 265 2740 creto
276 2673 348 2814 geli.
366 2693 450 2752 23.c.
468 2693 513 2752 ¹5·
546 2669 594 2732 ubi
627 2670 749 2750 requirit
782 2671 965 2755 approbatio·
1009 2673 1105 2746 riam,
1128 2672 1160 2732 ἃ
1187 2672 1380 2736 voluntatem.
1402 2673 1574 2757 Superioris,
1606 2691 1709 2738 tamen
1740 2695 1787 2737 eas

185 2775 253 2818 nem
305 2750 432 2836 piscopi,
457 2772 514 2814 non
536 2750 755 2833 comprehendit
776 2751 966 2816 Confessatios
1007 2752 1103 2818 valide
1124 2752 1248 2834 excipit,
1268 2774 1338 2815 cum
1358 2753 1390 2814 in
1417 2777 1453 2818 eo
1480 2773 1655 2819 concurrant
1686 2755 1786 2816 omnia

187 2833 395 2914 Regularium,
419 2835 464 2897 seu
486 2831 717 2912 Religiosorum,
745 2830 789 2894 sed
811 2831 967 2896 solummo·
1010 2833 1143 2916 requifira
1164 2833 1194 2894 in
1216 2833 1354 2898 Ministro
1375 2834 1411 2896 ad
1432 2836 1618 2900 validitatem
1649 2834 1720 2900 talis
1739 2837 1785 2898 Sa·

186 2917 223 2980 do
244 2912 434 2978 Confefsarios
457 2913 648 2984 secularium,
673 2913 794 2994 precisis
828 2914 873 2976 bis
904 2937 966 2979 ver·
1009 2913 1168 2988 crementi,
1200 2912 1307 2977 scilicet
1335 2916 1418 2977 Ordo
1448 2918 1656 2992 sacerdotalis,
1686 2940 1703 2978 a
1744 2936 1788 2978 ro·

187 2996 255 3068 bit;
276 2997 394 3060 Nullum
415 2999 500 3056 eriam
523 2995 685 3075 Regelarem
701 2993 775 3076 porse
795 2996 971 3074 Conseffiones
1011 2995 1091 3056 bario
1114 2992 1270 3077 Episcopi,
1292 2996 1323 3057 δι
1343 2994 1506 3068 iurisdiflio
1536 2998 1685 3080 delegarat
1727 3013 1791 3058 rcut

127 3100 166 3142 12
182 3077 356 3160 secularium
377 3080 461 3139 etiem
482 3078 657 3137 Sacerdotem
677 3073 790 3138 audire.
814 3079 878 3139 Nec
898 3076 970 3138 alibi
1011 3075 1089 3139 eninr
1111 3074 1271 3158 Episcopus
1292 3080 1382 3156 potest
1401 3078 1530 3143 conferre
1556 3077 1790 3151 iurisdietionem

187 3157 328 3242 repetitur
357 3157 490 3236 requista
520 3155 577 3218 lrec
609 3156 781 3238 approbatio
813 3155 962 3219 Ordinarii
1005 3157 1035 3218 in
1058 3154 1119 3220 suas
1138 3178 1207 3221 oves
1226 3158 1373 3222 Sacerdoti
1400 3161 1518 3224 alterius
1553 3160 1701 3235 Diottefis,
1740 3157 1788 3220 irr-

184 3259 238 3322 pro
261 3235 443 3300 Confessariis
465 3234 701 3317 Religiosorum,
725 3236 804 3300 srcnti
825 3238 964 3320 reperitur
1005 3235 1084 3314 fcio,
1107 3237 1154 3302 vel
1177 3238 1273 3302 invito
1294 3238 1400 3323 Episco
1422 3263 1442 3304 o
1463 3240 1542 3305 illius
1563 3241 1677 3306 alterius
1699 3239 1785 3302 Dioe·

188 3318 321 3400 requistta
341 3337 394 3401 pro
414 3317 598 3382 eonfetrariis
621 3316 821 3394 Monialium,
854 3337 885 3382 ur
915 3319 964 3380 do·
1006 3320 1090 3394 cefrs,
1128 3319 1170 3386 ita
1199 3320 1308 3401 poterit
1337 3261 1464 3385 consciae
1504 3322 1592 3387 etiam
1622 3318 1784 3404 Regulati,

130 3421 164 3483 r3
188 3416 267 3464 cetur
289 3399 318 3460 in
342 3399 466 3495 sequenti
489 3397 635 3462 articulo.
659 3401 761 3462 Neca
791 3399 845 3463 suis
879 3401 964 3483 Supe-
1007 3399 1115 3475 inscio,
1138 3399 1184 3466 vel
1207 3401 1303 3466 inuito
1324 3400 1372 3465 suo
1393 3403 1612 3486 superiorem
1642 3423 1714 3469 vero
1745 3401 1775 3462 in
1812 3420 1852 3480 ¹9

187 3479 308 3544 rioribus
340 3480 383 3542 illr
416 3480 554 3562 Religiofi
584 3478 771 3555 itinerantes,
804 3499 854 3544 aur
885 3499 966 3545 extra
1008 3481 1105 3562 aliqua
1126 3481 1279 3563 Religione
1301 3481 1438 3550 habeatur
1458 3485 1636 3550 Conslirutio
1668 3506 1686 3546 a
1716 3481 1787 3545 Sede

184 3561 372 3624 Conventum
403 3561 502 3624 alluo
541 3578 673 3644 tempore
707 3561 857 3625 exilientes
886 3584 964 3626 coar·
1006 3561 1177 3645 Apostolica
1196 3562 1241 3626 vel
1263 3565 1399 3640 condita,
1433 3566 1480 3630 vel
1510 3566 1697 3658 approbata,
1728 3584 1788 3646 qua

186 3641 320 3712 llantur,
353 3641 383 3703 br
413 3581 617 3724 rellrlnguntur
646 3641 681 3704 ad
712 3641 900 3706 Confessatios
930 3645 965 3707 ab
1006 3658 1143 3706 caveatur
1161 3644 1240 3723 quod
1258 3644 1352 3710 nullus
1375 3646 1534 3729 Religiosus
1564 3648 1621 3710 frne
1651 3646 1692 3708 sui
1713 3646 1787 3707 Ptae·

186 3721 343 3783 Ordinatio
376 3721 568 3804 approbatos,
602 3739 635 3786 ut
666 3720 865 3818 supponitur;
896 3726 966 3806 quia
1008 3723 1061 3786 lati
1082 3721 1218 3787 facultate
1239 3724 1265 3787 se
1297 3725 1442 3808 presentet
1474 3726 1638 3791 Ordinariis
1670 3727 1706 3790 ad
1735 3746 1787 3809 ap-

188 3801 273 3864 aliter
294 3801 329 3864 src
349 3801 508 3875 coarflati,
532 3801 563 3863 bt
593 3801 708 3864 tellriflr
740 3805 795 3868 stne
825 3804 885 3868 ullo
915 3807 966 3868 du·
1007 3804 1206 3884 probationem
1230 3827 1283 3887 pro
1313 3806 1542 3871 Confelfronlbus
1574 3807 1786 3883 obtinendam,

187 3880 237 3944 bio
258 3880 409 3962 nequirent
440 3881 570 3945 confiteri
601 3880 798 3948 Sacerdotibus
829 3907 887 3948 uon
918 3907 967 3968 ap
1007 3887 1039 3950 u
1059 3887 1142 3950 aliter
1162 3887 1286 3952 obtenta
1306 3899 1474 3963 reuocetur,
1499 3908 1569 3952 tunc
1590 3893 1696 3954 nedum
1728 3888 1787 3952 illi-

130 3985 169 4044 ¹4
186 3960 338 4107 pepigerit.
360 3964 510 4104 ”p'enerrpur
531 3981 643 4103 tamens
663 3965 732 4108 ‘³¹⁶3
764 3965 919 4107 Rpligiofi,
944 3967 964 4028 fr
1003 3967 1080 4061 cire,
1103 3965 1256 4061 sedetiam
1278 3969 1404 4035 invalide
1425 3968 1623 4036 Confeifrones
1652 3969 1786 4066 audirer.

187 4065 225 4188 tl
254 4061 604 4220 ili‘tliftt'llsst‘
618 4048 965 4191 transtulisti
1004 4049 1211 4210 silisis:
1224 4070 1447 4210 dissidii.
1466 4070 1591 4195 sinii.
1607 4048 1790 4197 iiiiii:

185 4205 224 4266 lrrr
260 4221 322 4298 nti,
343 4223 376 4300 ut
397 4227 424 4269 er
445 4149 708 4283 confirmatumd
738 4230 755 4269 a
788 4208 894 4274 casibus
924 4229 964 4272 te·
1008 4232 1079 4274 aana
1100 4230 1439 4295 rom.r.cap.19.n.12.
1463 4217 1590 4280 Navarr.
1613 4221 1643 4279 in
1663 4234 1727 4278 c.r.
1753 4211 1792 4272 de

187 4283 303 4350 servatis
322 4285 425 4351 drrefle
446 4290 650 4354 absoluantur.
1006 4295 1108 4355 Poenir.
1129 4295 1185 4374 defi
1206 4298 1234 4357 6.
1254 4321 1282 4357 n.
1302 4317 1351 4378 73.
1374 4296 1496 4378 Spotet,
1519 4298 1660 4360 Tambur.
1682 4294 1715 4357 δι
1734 4291 1792 4356 alii

131 4385 164 4446 15
227 4366 383 4448 Regulares
403 4371 535 4450 quamvis
556 4371 593 4433 ab
625 4367 778 4452 Episcopir
810 4390 847 4453 ap
870 4369 964 4434 tobati
1005 4373 1144 4455 plurimi.

185 4465 329 4528 nequeunt
351 4449 460 4514 virture
481 4451 702 4535 privilegiorum
726 4450 823 4514 audire
845 4390 962 4514 Sonses·
1045 4455 1196 4518 Generalis
1216 4457 1404 4538 Regularium
1437 4461 1530 4540 potesl
1560 4456 1624 4522 suos
1656 4455 1786 4519 subditos
1815 4475 1860 4517 20

181 4527 272 4620 stonec
294 4529 477 4624 Regularirrm
501 4532 619 4596 alterius
640 4531 778 4606 Ordinis,
802 4530 853 4592 nist
887 4527 960 4594 forte
1002 4531 1084 4611 ase,
1107 4535 1152 4600 vel
1175 4534 1230 4599 suia
1252 4533 1508 4620 predecessoribus,
1541 4538 1587 4602 vel
1624 4539 1692 4601 aliie
1721 4537 1785 4618 qui-

181 4607 478 4699 instauraremus
500 4608 958 4687 voluntaudiriinconfeffione,
1002 4611 1175 4700 buscumque
1195 4618 1393 4705 Superioribus
1413 4623 1448 4686 ad
1479 4619 1633 4688 audiendas
1656 4615 1784 4764 fiConfes-

1677 4719 1743 4769 OlleS
