4025 5284
304 118 738 225 ABSOLVERE,
778 112 1202 230 ausonurto,
1231 126 1374 210 aar.
1405 133 1469 214 rt.
1589 140 1651 250 45·

66 234 199 312 intotis
218 240 396 315 cedentium
418 238 491 313 suo,
510 258 544 299 ne
572 248 737 316 exponantur
760 232 881 311 periculo
920 250 1038 310 catum,
1060 234 1112 297 nin
1134 236 1168 300 srt
1188 234 1370 315 voluntaria,
1392 239 1423 301 δι
1442 245 1493 322 qui
1525 246 1556 311 in
1587 271 1621 314 ea
1649 248 1713 324 ests

73 329 265 402 militaris,
293 340 326 384 ut
355 319 452 382 fideles
472 336 532 378 non
552 329 733 397 exponantur
751 308 879 451 periculo
919 312 1019 395 potius
1039 315 1144 378 dicitur
1163 336 1226 380 eam
1248 319 1329 399 pati,
1351 338 1439 400 quam
1469 323 1497 385 ei
1527 325 1553 387 se
1584 348 1708 411 expono-

82 402 313 473 damnationi23
332 420 368 465 eo
388 398 437 462 vel
458 395 585 458 maxime
605 390 685 475 quod
718 405 785 455 tals
805 409 895 482 con»
923 413 954 456 re
966 415 977 467 3
996 395 1096 478 postris
1115 396 1192 461 enim
1220 397 1303 460 diuis
1322 400 1446 484 propriis
1475 402 1584 467 asiib'us
1614 406 1708 470 cense-
1751 443 1754 448 -

81 488 190 561 ditio,
213 500 246 548 ut
264 484 325 556 iam
347 479 456 543 dietum
487 477 542 549 cst,
575 471 664 537 salvat
692 485 880 536 sevlffflmm
896 454 971 535 &mr
980 517 989 549 t
1012 495 1068 556 pro
1087 493 1198 557 quanto
1220 478 1250 538 in
1271 476 1297 540 se
1317 480 1378 554 eli,
1409 503 1472 545 earn
1501 482 1646 560 absolute,
1678 488 1711 549 δι

84 562 299 639 Sacramenti,
317 560 387 642 quia
407 560 428 623 st
449 555 638 620 moribundus
658 571 715 614 non
735 551 768 613 fit
790 567 880 632 capax
923 549 1078 616 efficaeiter
1098 554 1176 619 nolle
1186 579 1196 629 3
1217 573 1250 619 ut
1272 557 1360 621 tradit
1383 558 1419 621 1).
1441 562 1557 627 Basilius
1577 569 1607 627 in
1619 566 1710 643 Consi.

83 643 303 719 absolutionis,
324 661 383 704 non
404 637 438 702 lit
460 639 676 701 Sacramentum
687 674 701 726 ⁹.
718 630 789 710 (²⁶)
922 633 1041 711 Monesi.
1062 655 1126 711 c.4.
1141 636 1196 712 fol.
1208 637 1280 716 489.
1310 637 1360 698 ubi
1381 639 1470 715 dicit,
1502 648 1534 705 ln
1553 644 1720 723 hu'usmodi,

38 724 56 785 3
133 721 295 790 Absolutio
315 720 376 784 dari
397 718 489 803 potest
510 715 554 791 ei,
599 713 626 776 ui
647 712 722 775 elim
736 708 884 786 occasione
924 712 1029 789 oofibro
1048 712 1184 777 bominem
1203 740 1255 777 non
1274 739 1367 778 amare
1403 720 1553 798 tricolum,
1569 670 1622 802 fid
1640 725 1712 786 illud

84 806 243 892 proxima*
253 799 468 872 involuntaria,
491 816 544 858 nec
566 735 602 857 eil
623 792 653 854 in
673 790 715 884 sui
744 789 884 873 potestate
923 797 1045 856 invitum
1059 792 1172 875 subire.
1194 795 1278 858 Talis
1297 818 1349 862 occ
1379 819 1407 861 ιο
1429 799 1626 866 involuntaria
1643 825 1720 869 con·.

86 907 160 951 eam
180 901 351 957 remouere,
374 876 536 944 dummodo
553 892 651 937 tamen
671 888 764 961 uitare
796 890 880 932 cone·
926 874 1036 956 tingere
1058 877 1151 957 potesl
1172 876 1202 936 in
1222 874 1410 941 filiofamilias
1429 901 1497 945 cum
1519 880 1628 945 famula
1650 884 1711 948 Do·

85 987 143 1030 tur
164 964 329 1049 periculum
349 958 473 1025 formale
491 951 623 1039 peccandi
644 960 697 1035 pet
715 950 791 1014 atius
813 968 878 1031 pro
921 952 1014 1029 mini,
1048 954 1123 1018 inter
1152 952 1271 1033 fratres,
1293 955 1419 1034 sorores,
1451 960 1546 1037 filios,
1576 963 1609 1025 ἃ
1638 961 1715 1031 filias

87 1047 202 1131 prios,
223 1042 331 1106 scilicet
353 1042 450 1124 primo
470 1057 521 1121 per
547 1053 669 1106 verum,
700 1031 731 1093 &
763 1029 881 1092 firmum
924 1032 1047 1111 eiusdem
1069 1032 1206 1109 familie,
1228 1035 1260 1099 δι
1281 1035 1353 1102 alios
1382 1040 1488 1105 similes
1521 1040 1711 1118 conjunsios,

38 1182 39 1189 ,
89 1127 231 1192 dolorem
252 1119 477 1205 deprecemur,
497 1112 678 1190 secundo,s1
707 1111 741 1174 stt
769 1108 881 1175 occafio
946 1115 974 1180 ui
995 1135 1054 1180 nou
1075 1114 1140 1183 sunt
1160 1113 1202 1182 sui
1233 1115 1321 1193 juris,
1354 1118 1517 1185 habitantes
1551 1123 1582 1185 in
1614 1121 1713 1188 eadem

38 1212 39 1215 ’
91 1204 238 1280 luxuria,
261 1223 312 1287 per
334 1199 494 1274 intensum,
514 1195 545 1258 a
565 1191 689 1289 solidum
703 1191 880 1286 propositum
924 1136 1084 1265 iomosub
1105 1216 1172 1260 cura
1192 1195 1314 1270 ejusdem
1336 1197 1459 1262 Domini
1486 1199 1536 1265 sou
1561 1202 1708 1283 parentis.

90 1273 744 1358 soluscumsolanonloqueud1,&rotrs
773 1269 885 1364 yrrrbus
924 1275 972 1339 Sic
988 1293 1092 1347 ,tenent
1118 1276 1314 1341 communiter
1344 1277 1501 1354 Dosiores,
1531 1281 1582 1363 qui
1614 1298 1713 1346 tamen
1736 1300 1773 1343 ro

89 1364 233 1431 mulieris
254 1360 417 1446 aspedum,
440 1355 638 1421 &illecebras
668 1350 805 1424 vitand13
827 1367 883 1414 ter·
925 1375 1048 1421 monent
1069 1355 1276 1433 Conseslarios,
1308 1374 1342 1422 ut
1370 1380 1437 1422 cum
1467 1359 1525 1423 illis
1555 1359 1583 1424 se
1611 1380 1719 1444 gerant

90 1448 142 1512 rio
165 1464 219 1527 pet
249 1461 349 1509 verum
379 1437 583 1534 propositum,
605 1434 637 1497 bt
659 1429 883 1575 promissionem
925 1436 1009 1503 neeri
1029 1458 1096 1499 cum
1118 1437 1269 1516 recidivis,
1292 1436 1446 1511 differendo
1477 1440 1633 1525 aliquando
1663 1443 1712 1504 ab·

92 1522 289 1609 separationis
307 1540 373 1584 cum
393 1536 522 1601 pnmum
543 1530 599 1582 errt
618 1535 656 1598 po
681 1512 757 1576 rbrlrs
789 1512 884 1596 physr·
925 1514 1121 1593 solutionem,
1143 1518 1176 1582 or
1195 1516 1323 1584 difficiles
1344 1517 1371 1585 se
1401 1521 1571 1586 olleudendo
1599 1523 1636 1584 ad
1664 1542 1714 1586 eos

94 1628 150 1680 ce,
174 1603 222 1667 vel
243 1600 414 1669 moraliter3
433 1613 550 1681 quarto·
571 1615 621 1678 per
650 1592 790 1687 semidam
820 1614 884 1657 ora·
926 1595 1138 1671 absolvendos,
1171 1618 1205 1662 ut
1236 1599 1271 1661 src
1302 1600 1447 1682 perterriti
1476 1599 1587 1665 facilius
1617 1622 1712 1665 emen-

93 1687 233 1758 tionem,
254 1678 477 1764 &petitionem
500 1676 593 1743 divini
614 1674 735 1751 auxilii,
771 1673 802 1736 a
833 1670 885 1737 sre-
926 1676 1048 1751 dentur,
1070 1677 1101 1739 a
1122 1677 1295 1760 supradisios
1315 1682 1447 1762 proprios
1468 1680 1546 1741 aetus
1574 1678 1715 1742 efficacius

94 1763 247 1848 quentiam
268 1762 541 1833 sacramentorum,
575 1756 703 1819 maxime
725 1752 885 1818 Confessio·
926 1755 1064 1830 eliciant,
1086 1755 1142 1820 fine
1194 1755 1274 1819 uibus
1306 1758 1458 1838 nequirent
1487 1755 1616 1834 absolvi,
1646 1778 1716 1823 cum

44 1857 74 1916 9
93 1850 141 1911 nis
163 1862 231 1906 cunr
253 1845 354 1908 eodem
374 1838 506 1926 pnrdenti
529 1834 725 1900 Conseffatio.
747 1834 790 1896 Et
810 1834 885 1897 ratio
926 1834 1079 1899 deficerent
1099 1837 1129 1898 in
1150 1775 1339 1918 aiimplendis
1366 1855 1428 1917 qua
1462 1834 1526 1899 sunt
1549 1838 1578 1898 in
1601 1836 1709 1918 suapo

93 1928 154 2007 est',
177 1923 376 2007 quiaoecafio
396 1919 532 2010 peccandi
553 1917 632 1984 inse
661 1937 722 1987 non
753 1914 883 2002 clipeo·
923 1915 1053 1991 testare,
1088 1914 1120 1977 δι
1148 1930 1281 1981 tenentur
1308 1934 1410 1983 omnes
1442 1915 1598 2001 adimplere
1616 1916 1708 2062 srtqula

710 2164 790 2232 Notae
809 2163 932 2229 Romani
951 2158 1099 2243 Theologi.

147 2334 217 2412 (*)
237 2330 273 2393 P.
294 2323 400 2393 Daniel
420 2327 570 2403 Concita,
592 2320 695 2407 quiin
717 2319 1010 2388 animadversionlbus
1030 2320 1066 2381 ad
1093 2314 1218 2397 Pontes,
1240 2314 1378 2387 Auiloris
1406 2316 1493 2387 nossri
1521 2321 1716 2406 opinionem,

104 2425 171 2491 quae
192 2412 377 2474 communior
396 2409 453 2479 eli,
473 2410 665 2486 probaverat,
689 2402 718 2460 in
740 2402 904 2480 Theologia
924 2400 1104 2477 Christiana,
1126 2420 1189 2481 qua
1219 2398 1323 2462 ibidem
1355 2400 1499 2483 scripserat
1528 2403 1711 2480 retrailavit,

102 2508 141 2550 ne
163 2508 262 2550 eorum
283 2482 478 2567 praejudicium
500 2480 612 2544 afferret
631 2477 783 2561 opinioni,
806 2478 857 2560 qui
872 2474 1080 2540 consessionem
1101 2479 1281 2541 necesariam
1311 2481 1394 2553 nujus
1424 2478 1593 2544 sacramenti
1622 2501 1713 2548 mate·

98 2567 174 2627 riam
197 2564 407 2635 existimantes,
428 2578 535 2641 negant
556 2558 678 2623 omniuo
699 2577 765 2619 eum
788 2555 898 2622 absolvi
919 2554 1013 2637 polle,
1034 2556 1085 2637 qui
1107 2556 1286 2619 confesionis
1306 2559 1383 2639 figna
1411 2557 1550 2622 sensibilia
1578 2582 1638 2624 non
1666 2563 1713 2627 de·

98 2645 173 2708 derit
184 2666 193 2717 3
214 2643 286 2726 quia
307 2640 503 2705 deficientibus
523 2640 632 2703 aslibus
653 2636 842 2719 poenitentis,
864 2635 1015 2699 necessaria
1034 2634 1159 2699 materia
1179 2635 1371 2712 desrderatut',
1392 2636 1448 2701 fine
1467 2659 1524 2721 qua
1545 2640 1641 2720 perfici
1663 2642 1714 2704 Sa·

100 2741 319 2789 crumentumn
357 2720 420 2784 uit.
445 2719 500 2784 Sed
519 2738 629 2785 certum
651 2716 775 2780 omnino
795 2736 855 2781 non
876 2716 931 2791 est,
953 2713 1031 2779 ailus
1050 2715 1220 2798 punitentia
1239 2716 1393 2781 materiam
1422 2718 1506 2790 huius
1534 2720 1713 2795 Sacramenti

100 2803 172 2868 esse:
195 2824 264 2867 cum
282 2802 339 2863 Tri
359 2800 456 2864 enriua
477 2799 684 2882 synodianum
706 2796 884 2861 Sacramenti
903 2799 1065 2871 materiam,
1087 2793 1133 2859 sed
1155 2796 1234 2877 quast
1260 2801 1406 2860 'motem
1435 2796 1559 2873 dixerit3
1586 2820 1711 2883 cumque

104 2881 254 2962 Theologi
274 2880 347 2943 bene
365 2879 453 2940 multi
473 2899 532 2942 non
552 2879 704 2943 materiam
725 2900 761 2941 ex
781 2899 840 2963 qua
859 2876 1070 2940 sacramentum
1091 2874 1143 2951 sit,
1166 2876 1210 2939 sed
1230 2876 1307 2941 cirea
1325 2897 1413 2960 quarn
1427 2877 1636 2944 sacramentum
1645 2903 1712 2947 ver·

107 2960 203 3036 satur,
225 2960 303 3021 aetus
325 2957 391 3020 illos
410 2959 600 3025 constituant.
622 2959 701 3021 Dum
722 2978 792 3022 uero
814 2959 843 3021 in
865 2959 1025 3041 prenitente
1046 2977 1080 3019 ea
1098 2956 1300 3040 praecesserint,
1321 2976 1384 3040 quae
1403 2958 1515 3023 anaor
1532 2980 1710 3025 commemo·

110 3040 202 3117 tauit,
225 3038 293 3101 satis
313 3037 466 3105 vetifinrile
487 3039 543 3114 est,
564 3039 595 3101 t<
614 3036 793 3102 conscilionis
813 3039 977 3105 desiderium
999 3056 1051 3119 per
1080 3038 1238 3100 mreattam
1269 3038 1381 3115 vitam,
1411 3038 1442 3102 a
1471 3037 1544 3103 alios
1573 3041 1649 3106 alius
1670 3042 1712 3104 q„

109 3120 161 3182 illo
180 3117 315 3203 reperiri,
336 3118 388 3200 qui
409 3118 445 3181 ad
468 3119 686 3201 impertiendam
707 3116 915 3184 absolutionem
947 3118 1063 3182 dubiam
1099 3116 1200 3183 saltem
1228 3119 1382 3183 materiam
1411 3117 1611 3203 suppeditent:
1642 3141 1711 3207 ergo

107 3199 156 3262 sub
176 3198 343 3264 conditione
363 3195 475 3263 absolui
494 3197 623 3281 poterit3
644 3218 679 3262 eo
698 3197 745 3262 uel
766 3220 796 3261 nr
836 3198 877 3277 ir,
898 3200 969 3283 quia
990 3196 1044 3273 iis,
1065 3198 1115 3278 qui
1136 3217 1220 3263 antea
1239 3198 1441 3264 consessionem
1483 3199 1588 3277 eriere,
1610 3203 1631 3263 sr
1657 3200 1709 3265 sal·

107 3296 166 3343 tem
186 3301 237 3363 pet
257 3278 340 3343 telles
361 3278 389 3340 id
409 3278 555 3341 Sacerdoti
577 3279 611 3342 stt
630 3294 752 3353 notum,
774 3280 810 3343 ab
822 3280 916 3345 olutio
937 3278 1116 3343 concedenda
1136 3281 1192 3355 est,
1214 3298 1247 3343 ut
1267 3279 1358 3363 liquet
1378 3302 1413 3344 ex
1432 3220 1529 3345 aliens
1558 3282 1594 3344 ab
1614 3280 1711 3345 attilo-

105 3381 134 3423 re
154 3359 371 3434 monumentis,
393 3357 424 3420 δι
444 3356 535 3443 etiam
556 3380 591 3422 ex
604 3358 718 3424 decreto
737 3359 849 3425 Urbani
869 3362 961 3424 Vlll.
982 3360 1033 3441 qui
1056 3380 1104 3437 24.
1125 3359 1275 3424 Februarii
1299 3365 1385 3442 1632.
1406 3377 1522 3442 rogatus
1541 3361 1579 3425 ab
1611 3363 1625 3423 1
1668 3360 1711 3423 ui·

105 3439 186 3503 sttote
205 3439 375 3514 Lusitania,
391 3461 458 3501 num
476 3439 574 3502 valide
592 3441 794 3525 absolvinpoffit
813 3460 943 3526 egrotus,
965 3444 1015 3522 qui
1035 3461 1123 3519 corum
1143 3466 1195 3505 uno
1221 3439 1282 3518 telle
1305 3441 1336 3515 fi
1367 3464 1387 3502 o
1419 3443 1584 3503 contritionis
1612 3382 1707 3515 liwir,

102 3522 411 3603 superueniente-autem
432 3518 616 3601 Confeffirrio,
636 3524 711 3584 nullo
730 3541 835 3585 externo
848 3523 933 3607 signo.
951 3519 1094 3597 coufitendi
1114 3522 1281 3584 voluntatem
1302 3545 1317 3579 o
1337 3519 1431 3593 rudit,
1461 3517 1616 3600 respondit,
1645 3519 1711 3589 huit

104 3618 194 3684 egroto
208 3600 280 3697 polio
300 3602 434 3684 impertiri
452 3597 489 3661 ab
502 3602 663 3677 alarionem,
684 3626 733 3667 nec
751 3603 784 3665 id
801 3622 943 3697 repugnare
962 3600 1065 3663 decreto
1085 3603 1235 3662 Clementis
1254 3604 1337 3663 Vlll.
1367 3622 1428 3661 cum
1455 3600 1595 3678 diversam
1625 3605 1707 3665 couti·

105 3682 457 3762 neartaoonem.1taque
518 3680 681 3747 absolvendi
713 3683 777 3748 sunt
809 3703 860 3766 qur
881 3703 966 3749 antea
983 3682 1094 3824 petiere
1114 3680 1336 3755 consessionem,
1358 3677 1428 3762 quia
1456 3679 1533 3743 astus
1563 3679 1608 3741 illi
1636 3700 1707 3774 pra-

107 3764 235 3826 cedentes
254 3761 346 3826 veluti
387 3758 513 3825 raesentet
534 3760 632 3825 haberi
653 3764 786 3845 possunt5
807 3785 857 3827 cor
871 3754 980 3827 it‘abso
994 3761 1079 3827 vendi
1100 3782 1159 3825 non
1191 3780 1292 3838 erunt,
1322 3779 1447 3841 quorum
1477 3757 1596 3823 vivendi
1631 3778 1707 3824 tatto

106 3842 273 3927 prudentem
294 3781 499 3906 eonietmum
519 3859 630 3907 certum
652 3842 740 3920 facit,
763 3844 932 3910 voluissem
953 3842 1059 3917 mortis
1080 3841 1203 3905 articulo
1224 3841 1397 3913 sacramenta
1416 3838 1562 3923 recipere,
1584 3860 1618 3901 ac
1638 3860 1705 3923 pru·

72 4000 80 4003 V
109 3923 203 3988 denter
222 3922 312 3986 etiam
333 3920 461 3989 dubitare
481 3923 629 4007 permittit
649 3923 850 3989 consessionem
871 3942 956 3989 antea
975 3921 1102 4007 petiisse,
1125 3922 1193 3986 licet
1212 3943 1230 3985 a
1250 3919 1365 3984 nemine
1384 3918 1489 3984 fuerint
1498 3918 1610 3983 auditi?
1640 3923 1706 3983 Nec

109 4002 258 4067 audiendus
278 4004 409 4069 Concina
429 4003 574 4078 elidum
596 4004 656 4080 ait,
677 4003 793 4081 Deum,
843 4005 936 4068 uando
964 4003 1029 4068 vult
1059 4003 1178 4075 alicujus
1209 4000 1345 4075 salutem,
1377 4001 1453 4064 velle
1486 4000 1575 4064 etiarn
1606 4001 1705 4064 eadem

111 4083 257 4149 uoluntate
277 4083 373 4147 medla
391 4106 410 4147 a
429 4083 545 4147 Chrislo
567 4083 727 4168 praescripta
746 4105 800 4170 pro
821 4024 912 4149 ialute
930 4084 1103 4147 obtinenda.
1126 4084 1206 4145 Nam
1227 4080 1436 4161 absolutionem
1469 4080 1542 4143 hanc
1576 4082 1704 4142 medium

111 4163 157 4228 elle
175 4163 282 4248 praescri
306 4181 369 4228 tum
388 4163 529 4241 dicimus,
552 4165 582 4229 bt
603 4182 798 4230 occurrentem
820 4164 1021 4239 Sacerdotem,
1041 4163 1094 4245 qui
1114 4165 1205 4247 probo
1237 4161 1420 4238 christiano,
1441 4182 1528 4244 quem
1557 4158 1704 4224 conseliio·

109 4264 169 4306 nem
188 4244 261 4326 petii
282 4266 298 4306 e
319 4244 533 4328 praesumimus,
565 4245 776 4310 Sacerdotalem
806 4243 1014 4309 absolutionem
1043 4243 1245 4327 impertiatur,
1267 4239 1451 4317 ‚beneficium
1478 4241 1621 4325 quoddam
1650 4236 1706 4302 elie

110 4340 234 4408 putamus
253 4324 360 4389 divina
380 4323 597 4401 misericordia,
619 4345 678 4408 quo
700 4327 779 4390 Deus
798 4325 843 4388 illi
863 4325 1001 4408 opitulari
1023 4324 1201 4389 decreuerit.

144 4403 217 4467 Hinc
237 4402 343 4470 metito
363 4405 498 4487 Vasquez
517 4406 548 4470 δι
567 4406 619 4469 alii
638 4404 846 4491 quamplurimi
866 4403 1030 4482 affirmant,
1051 4404 1128 4487 quod
1149 4406 1179 4469 in
1199 4403 1305 4469 casrbus
1324 4401 1507 4488 supradiiiit,
1537 4398 1568 4459 in
1596 4395 1703 4493 quibus
1754 4451 1756 4456 -

107 4482 285 4634 iqoriquulqsdqs
304 4489 397 4570 potest
418 4486 546 4568 absolvi,
568 4488 702 4557 §modos
719 4508 779 4556 mn
799 4502 913 4555 rantum
933 4480 1041 4573 polit,
1061 4484 1107 4552 sed
1135 4485 1225 4556 eriam
1254 4502 1384 4557 teneatur
1413 4484 1524 4552 ratione
1553 4494 1700 4556 curcua,

136 4585 180 4635 um
246 4587 360 4636 overe.
1037 4612 1040 4621 ι
