4025 5284
566 161 817 275 Aoun
876 139 1472 247 eununrcrn.'
1661 182 1745 286 267

191 270 266 342 tium
287 295 426 350 morem,
446 272 496 356 qui
517 270 549 334 in
570 270 734 346 hujusmodi
757 273 837 355 signo
864 272 981 337 afron·
1024 276 1055 337 in
1077 271 1214 361 superiori
1234 275 1335 340 ordine
1354 294 1451 340 rerum
1486 269 1648 354 sactanun,
1676 283 1710 348 ἃ
1742 310 1805 356 ma,
1882 276 1887 283 ’

189 358 288 423 read
310 356 530 440 petiusducunt
563 354 723 419 amisium.
754 355 854 418 Immo
886 357 982 439 perita
1021 356 1077 430 jori
1110 358 1297 422 veneratione
1324 357 1445 440 digna.
1476 354 1521 420 De
1547 354 1624 421 fusio
1654 379 1805 449 uunquam

191 442 290 503 venia
308 439 426 501 fidenter
446 433 609 518 subjungit,
630 437 709 531 quod
731 434 759 500 se
789 453 891 518 gerunt
910 456 979 499 con·
1021 439 1170 522 permittit
1192 439 1318 503 Ecclesia
1338 437 1428 502 sacras
1456 436 1606 519 Reliquias
1635 438 1666 503 in
1696 463 1805 515 terram

192 536 248 582 tta
268 518 447 588 Rubricam3
466 536 555 597 quam
577 518 669 580 credtt
691 516 856 582 substituisse
884 515 981 580 oscula
1019 520 1148 603 projici,
1168 521 1216 585 vel
1237 520 1426 594 conculcari,
1449 539 1516 583 cum
1536 535 1636 584 tamen
1656 521 1803 609 sepissime

188 600 323 663 Crucum
346 598 376 660 in
395 595 524 672 amitto,
546 597 720 683 manipulo,
751 599 782 661 ἃ
809 596 881 661 slola
910 597 976 664 loco
1018 601 1173 683 contingat
1192 623 1301 684 aquarn
1323 599 1501 667 benedittam
1523 596 1554 663 in
1582 617 1690 668 tertam
1719 613 1803 676 cade·

191 682 286 762 trium
308 680 453 823 Ῥιπαῖα
474 679 595 755 Crucis,
617 701 680 761 qua
701 680 858 762 sumptioni
888 677 975 743 sacta·
1016 704 1066 756 re,
1096 683 1213 763 quaudo
1233 681 1420 767 asperguntur
1438 680 1558 757 fideles,
1588 703 1642 747 nec
1671 687 1732 752 ulla
1756 696 1808 757 ad.

195 780 264 824 tnm
285 785 321 826 ve
345 759 406 825 ium
428 776 543 827 veteres
564 759 691 826 solebant
712 762 908 838 preminere.
931 762 978 825 Ex
1022 762 1138 827 hibetur
1155 763 1291 843 cautela,
1312 784 1349 829 ne
1379 783 1399 826 a
1425 765 1664 848 praetereumibus
1693 785 1805 841 teratur

195 843 303 925 quibus
321 842 441 907 tandem
462 865 539 905 num.
552 865 579 921 3.
600 840 769 919 concludit,
795 840 978 925 superfluum
1021 844 1157 928 pedibus.

196 925 291 989 adhuc
313 926 365 989 else
387 922 458 986 illud
482 924 591 1005 lignum
613 923 715 988 Crucis
736 923 765 985 in
796 924 901 1012 egressu
930 924 980 986 Sa·
1062 922 1210 1000 Quaerltur
1227 941 1358 1008 quarto:
1386 925 1499 990 Utrum
1527 926 1566 989 ad
1593 929 1807 1013 consequendos

192 1004 320 1071 ardoris
340 1029 358 1071 e
376 1005 529 1079 Sacrislia,
550 1005 630 1089 quod
657 1006 723 1098 jam·
750 1004 826 1069 idem
846 1003 981 1068 Sacerdos
1021 1002 1139 1071 effectus
1169 1023 1251 1088 aquae
1288 1005 1442 1071 benedittae
1479 1007 1642 1090 requiratur
1678 1015 1833 1086 ejusden·

192 1086 224 1149 in
244 1087 383 1180 §actillia
402 1085 605 1169 aequivalenter
625 1100 685 1227 qgrt
715 1107 748 1179 ¹¹¹.
776 1086 918 1150 recensitis
938 1085 982 1148 os·
1024 1081 1172 1150 contadus
1192 1087 1347 1171 phyficusl
1368 1086 1532 1228 Respondet
1553 1088 1586 1151 Ρ.
1618 1093 1726 1167 Quarti
1753 1100 1807 1165 loc,

192 1165 271 1231 culis
292 1169 383 1231 trium
405 1170 552 1244 Crocum,
574 1167 605 1229 δι
644 1166 797 1232 omraltter
816 1167 914 1229 llatim
935 1166 983 1231 de·
1024 1171 1073 1230 cit.
1095 1164 1162 1228 dub.
1177 1189 1207 1248 7.
1226 1192 1303 1231 num.
1317 1189 1386 1251 213·
1422 1166 1534 1232 officere
1555 1171 1720 1237 conradum
1741 1201 1806 1246 mo.

192 1249 245 1312 bet
267 1266 372 1330 agere,
394 1265 551 1330 antequam
573 1263 640 1311 ante
659 1247 764 1312 Altare
797 1248 918 1311 Missam
940 1248 984 1310 in·
1025 1247 1138 1324 taient,
1158 1249 1210 1330 qui
1231 1248 1564 1325 censetutintervenire,
1585 1253 1701 1331 quoties
1714 1258 1748 1318 as
1781 1282 1806 1322 r.

197 1331 311 1405 choet,
332 1331 416 1401 juxta
436 1329 519 1392 illum
542 1326 709 1393 consuetum
731 1327 762 1389 in
784 1327 911 1392 Ecclesia
921 1348 984 1391 mo
1026 1329 1066 1392 iio
1085 1348 1165 1410 equa
1185 1347 1350 1414 acceptatur
1369 1351 1388 1392 a
1409 1328 1557 1413 personis,
1580 1330 1616 1392 ad
1636 1351 1707 1428 quas
1758 1341 1807 1402 iri-

194 1431 260 1476 rem
282 1408 403 1473 initium
424 1409 577 1491 quodlibet
596 1406 760 1502 auspicandi
790 1409 984 1502 asalurifero
1048 1409 1124 1485 itur,
1147 1409 1224 1492 signo
1245 1410 1283 1473 ali
1307 1431 1367 1487 uo,
1388 1429 1435 1473 ex.
1492 1455 1499 1471 .
1522 1409 1733 1492 inclinatione,
1756 1438 1809 1486 aut

194 1490 303 1556 Crucis
324 1491 422 1572 signo.
442 1491 513 1552 Haec
535 1491 568 1552 P.
592 1488 758 1564 Cavalrert,
779 1509 830 1629 qut
852 1490 984 1553 eamdem
1026 1431 1116 1552 insili
1138 1492 1236 1571 gestu:
1257 1430 1306 1555 vei
1329 1489 1421 1555 sitiat
1441 1513 1459 1554 a
1471 1492 1560 1577 persto
1580 1490 1662 1577 super
1691 1516 1735 1561 tes
1763 1501 1810 1565 in.

218 1572 384 1638 uaeliionem
404 1569 498 1657 denuo
531 1569 686 1654 proponit,
716 1570 749 1632 te
790 1569 911 1632 imiliter
940 1590 982 1633 re·
1024 1568 1185 1648 sensibiles,
1203 1573 1320 1654 quoties
1340 1572 1466 1635 intentio
1496 1570 1670 1655 aspergentis
1698 1578 1734 1641 ad
1762 1605 1812 1650 eae

195 1596 289 1721 ionis
308 1676 376 1750 rora.
391 1675 418 1735 5.
440 1654 532 1734 Opere
546 1668 605 1747 ιφ.
621 1671 650 1747 q.
674 1674 750 1740 mene.
772 1654 820 1713 26.
841 1648 982 1745 nouisque
1023 1651 1181 1747 dirigitur,
1201 1654 1338 1734 quamuis
1358 1669 1432 1748 aqua
1450 1673 1509 1715 non
1541 1653 1687 1796 perrinqat
1716 1660 1812 1804 plqyfi.
1835 1714 1844 1720 .

196 1731 452 1901 {guidiliniptitffi
471 1732 698 1878 qqsiqqqqqtrtqrqqi
722 1729 983 1876 qunfittlnassiqqq:
1023 1730 1811 1896 qeeriadsoqleltasgspqqqroquausslqcoqqdqqmuaeE'ccveeqqnucqqrr

189 1904 270 1982 fier.
288 1915 366 1982 part.
378 1919 407 1961 2.
428 1921 457 1958 n.
471 1917 539 1972 141.
1023 1913 1057 1955 ro
1078 1890 1162 1988 super
1179 1892 1320 1968 Clerum,
1343 1893 1390 1956 vel
1412 1892 1441 1954 in
1463 1893 1590 1958 Ecclefia
1617 1894 1700 1981 super
1717 1922 1810 1987 popu.

243 1980 348 2044 Liceat
378 1978 427 2041 hic
455 1976 609 2042 nonnullas
658 1975 804 2040 uaesliones
836 1994 983 2055 eponere
1024 1971 1086 2035 lunt
1107 1973 1211 2035 rurali
1232 1972 1394 2049 dillanria,
1415 1989 1450 2035 ut
1470 1974 1522 2039 vix
1542 1993 1618 2057 aqua
1646 1979 1683 2041 ad
1703 2001 1810 2063 paucos

198 2062 238 2125 ad
257 2061 383 2135 ejusdem
403 2058 533 2122 materia
562 1996 810 2151 comriiementutn
843 1996 983 2149 ailquodo.
1024 2051 1200 2148 pertingat„
1223 2053 1255 2116 bt
1279 2071 1380 2118 tamen
1397 2071 1502 2146 ornnes
1523 2055 1672 2152 censentur
1691 2061 1811 2148 asperti,

198 2143 305 2207 Primo
326 2142 415 2223 igitur
455 2140 591 2204 uaeritut:
620 2141 731 2203 Utrum
753 2157 840 2201 unica
871 2136 984 2200 benedt·
1026 2134 1236 2229 &participes
1263 2132 1369 2198 sruslus
1396 2133 1465 2219 rnde
1493 2139 1713 2220 provenientis3
1741 2163 1809 2214 rum

198 2223 297 2288 {lione
318 2222 425 2306 possint
481 2221 576 2284 nedici
595 2221 689 2304 plures
719 2217 812 2284 fontes
840 2237 920 2316 aque
942 2219 985 2281 in·
1025 2213 1116 2281 etiarn
1137 2233 1258 2298 apati,
1279 2214 1484 2355 quiaquando
1514 2215 1722 2314 benedicuntur
1748 2231 1813 2312 psl.

205 2303 297 2445 terbse
318 2301 477 2446 ἀίξέιῃῐωέ
498 2301 663 2444 Ρεῗὶηάεῑ
684 2301 719 2363 Ρ.
747 2302 932 2444 Ωυιηιπεητ.
953 2322 985 2443 lq.
1027 2318 1104 2374 ma,
1126 2294 1175 2360 vel
1199 2295 1330 2438 qanderq
1344 2293 1575 2434 &oupraesertrm
1598 2321 1628 2362 tn
1638 2323 1746 2397 magno
1760 2332 1813 2377 nu.

201 2387 256 2540 i,
279 2385 442 2538 ‘illus
456 2407 547 2555 ab,
568 2400 990 2553 trutannus
1030 2392 1816 2550 llglrrr‘ils,²,uirl2d‘3lulrlslt‘ssrl

200 2544 354 2618 minislto,
376 2545 406 2606 δι
427 2544 518 2604 modo
539 2542 616 2603 tdem
636 2540 768 2601 mintiler
837 2542 989 2605 stotario·
1031 2538 1182 2606 censentur
1215 2535 1395 2611 unedruae,
1426 2538 1458 2602 tr
1496 2555 1573 2618 aqua
1606 2537 1814 2612 senslificatae·

200 2647 275 2703 nes,
294 2623 344 2689 uel
365 2619 558 2694 exorcismos,
580 2619 696 2682 accedat
717 2619 753 2680 ed
804 2622 907 2702 ngulos
925 2621 990 2685 fon·
1029 2640 1096 2684 turn
1118 2618 1241 2755 denique
1261 2637 1281 2679 a
1301 2615 1405 2691 srmili,
1417 2618 1505 2756 rquia
1533 2617 1568 2678 ad
1598 2620 1749 2702 vesorem,
1782 2596 1819 2696 δὲ

203 2727 276 2782 res,
305 2703 423 2846 qqando
450 2700 581 2766 facienda
608 2699 647 2761 est
686 2699 795 2762 mixtio
830 2700 894 2763 salis
922 2719 990 2763 curn
1031 2696 1166 2763 essedum
1207 2694 1365 2758 aeramenti
1383 2696 1417 2754 Ο
1451 2695 1506 2757 inis
1534 2694 1641 2763 susstcit
1667 2707 1817 2775 comasius

207 2809 302 2872 aque.

354 2782 415 2846 etio
433 2785 492 2858 est,
516 2781 587 2863 quia
606 2777 713 2844 sufficit
742 2778 891 2865 prasentia
925 2800 989 2845 mo
1032 2777 1154 2843 moralis
1174 2775 1326 2852 materia,
1347 2777 1430 2848 juxta
1450 2773 1631 2858 probabilem
1651 2782 1816 2855 multorum
1922 2795 1926 2804 ’

208 2871 277 2935 selis
295 2886 396 2931 coram
417 2864 573 2928 minislto.
975 2891 1015 2904 ψ
1033 2856 1228 2925 sententiam.

250 2948 398 3027 Quaeritur
417 2945 560 3012 secundo:
583 2945 635 3007 An
655 2942 742 3008 liceat
761 2944 855 3027 Aquae
874 2942 990 3006 benedi-
1071 2938 1241 3032 Quaritnr.
1281 2936 1367 3001 luto:
1388 2935 1482 3012 Quale
1510 2955 1664 3022 peccatum
1693 2943 1746 3026 fit,
1769 2952 1816 3017 A.

211 3033 262 3096 θα
282 3030 399 3094 miscere
418 3045 522 3112 parurn
543 3046 625 3110 aque
645 3023 763 3089 rosacea
796 3024 835 3087 ob
865 3021 990 3105 fragran-
1031 3039 1121 3102 quarn
1141 3018 1243 3083 benedt
1290 3033 1320 3080 nt
1350 3017 1516 3096 profanare,
1549 3023 1568 3083 sr
1597 3024 1664 3104 quie
1687 3047 1737 3091 er,
1772 3055 1818 3115 gf,

208 3113 311 3179 riam?
332 3109 497 3192 Respondet
519 3112 553 3171 Ρ.
575 3106 684 3182 Quarti
696 3104 824 3169 cindub.
836 3127 863 3184 ς.
877 3127 906 3167 n.
922 3124 991 3170 ιιι.
1032 3102 1106 3164 citra
1126 3098 1290 3163 scandalum
1309 3114 1410 3162 tarnen
1431 3118 1482 3164 aut
1495 3119 1719 3186 contemptum,
1740 3129 1819 3194 aqu,

210 3197 245 3259 in
265 3214 352 3275 parva
380 3192 545 3274 quantitate
574 3207 634 3249 non
668 3186 721 3250 else
750 3184 911 3254 illicitumr
930 3200 996 3248 turn
1037 3169 1186 3246 benedisia
1206 3196 1335 3244 uteretur
1352 3180 1388 3243 ad
1418 3180 1642 3247 bumeilandum
1674 3201 1820 3255 atramen-

210 3275 280 3421 quia
297 3273 379 3336 nulla
399 3288 520 3356 apparet
539 3268 701 3332 indecentia
728 3283 794 3329 tum
827 3264 898 3347 quia
927 3283 997 3330 corr·
1037 3265 1166 3337 tarium,
1197 3259 1354 3344 scripturus
1382 3261 1537 3344 presertim
1568 3284 1611 3327 tes
1640 3281 1739 3350 turpes
1768 3291 1821 3338 ant

228 3355 333 3423 „tudo
356 3354 398 3416 ita
417 3352 571 3426 obtinuit,
602 3347 755 3412 scientibus
786 3347 819 3409 ἃ
849 3367 908 3410 non
927 3367 997 3412 con·
1039 3340 1277 3427 peccaminosas?
1298 3340 1462 3427 Respondet
1482 3346 1515 3408 P.
1535 3344 1688 3409 Coronelli
1718 3353 1748 3412 r'n
1769 3356 1820 3416 Bi·
1937 3417 1942 3424 ,

217 3434 422 3503 tradicentibus
442 3429 618 3518 Episcopis;
639 3445 703 3491 tum
725 3427 846 3507 denique
875 3447 894 3491 a
903 3429 996 3570 pari,
1038 3425 1138 3489 bliorh.
1160 3428 1241 3487 unio.
1262 3442 1329 3488 tom.
1343 3444 1367 3484 1.
1377 3439 1443 3508 pag.
1458 3445 1546 3508 rope.
1568 3424 1643 3502 boc,
1666 3425 1821 3497 secundum

214 3520 285 3602 quia
303 3537 372 3582 curn
394 3515 508 3582 inoenso
537 3509 730 3578 benedicendo
761 3506 874 3574 misceri
915 3508 997 3573 olent
1035 3508 1172 3590 aliquos,
1194 3504 1307 3569 nullum
1330 3502 1391 3567 sote
1412 3524 1562 3584 peccatum
1592 3503 1718 3583 lethale,
1747 3511 1821 3595 quia

213 3602 272 3665 alia
293 3616 425 3662 aromata
445 3596 574 3662 melioris
595 3590 711 3657 odoris.
1035 3587 1088 3652 ille
1108 3586 1209 3652 abusus
1229 3605 1309 3667 aque
1328 3584 1480 3648 benedislae
1500 3585 1535 3650 fit
1556 3583 1617 3650 solo
1647 3588 1747 3652 animo
1767 3592 1821 3658 hu.

255 3681 403 3758 Quaeritur
422 3679 532 3743 tertio:
568 3677 641 3749 An,
671 3671 704 3733 ἃ
731 3671 816 3753 quale
847 3687 997 3754 peccatum
1038 3668 1181 3734 mesiandi
1204 3681 1425 3740 atramentum
1446 3687 1463 3730 a
1485 3687 1521 3730 ua
1541 3685 1611 3730 vero
1632 3665 1710 3730 suam
1724 3673 1821 3735 omni-

213 3764 348 3837 esser,ii
417 3762 440 3823 ’s
469 3771 625 3839 exponeret
657 3772 763 3832 aquam
793 3772 853 3815 non
883 3753 997 3816 benedi·
1039 3773 1080 3815 no
1100 3748 1196 3832 perdit
1216 3745 1444 3811 benedislionem
1463 3688 1562 3810 iiatim
1583 3766 1617 3807 ac
1637 3747 1718 3811 usum
1740 3772 1822 3835 aquae

213 3844 294 3906 elam
318 3860 371 3926 pro
425 3838 556 3905 nedisial
577 3832 638 3901 Res
672 3833 741 3897 ndet
762 3834 795 3896 P.
817 3833 924 3910 Quarti
945 3833 998 3897 cir.
1042 3831 1191 3915 deperdit.
1214 3825 1482 3910 lraexCallropel.
1503 3829 1823 3921 ron.2.tr.8.d1sp.r.·

217 3923 287 3988 dub.
302 3927 331 3984 ό.
353 3945 427 3984 num.
441 3941 510 3985 212.
534 3922 554 3981 st
575 3919 603 3980 id
645 3931 705 3979 eret
727 3915 795 3976 data
822 3935 928 3998 opera,
950 3914 998 3981 vel
1035 3913 1170 3997 pontid.
1193 3935 1222 3972 n.
1235 3929 1283 3990 25·
1305 3905 1359 3972 Sed
1378 3905 1581 3989 probabilius,
1594 3927 1627 3970 ac
1656 3910 1748 3974 tutius
1770 3912 1823 3978 esse

111 4085 116 4092 ·
219 3995 1000 4150 dissordesrs‘nt‘rttffirl‘ss
1043 3987 1301 4158 {saisisti
1331 3986 1823 4153 ‘illimpriiidiiieiiirii

220 4167 289 4249 quia
311 4166 341 4228 in
363 4165 421 4227 hoc
450 4100 509 4226 niis
532 4126 658 4248 ’apparet
687 4158 875 4223 irreverentia
905 4121 1003 4241 gravis
1043 4171 1131 4241 atque
1151 4115 1370 4219 irreverentiam
1391 4171 1533 4235 grauem3
1563 4165 1626 4215 tum
1658 4153 1753 4237 quia,
1788 4118 1826 4220 ei

220 4264 323 4312 contra
342 4244 546 4327 Religionem,
568 4264 620 4306 nec
652 4261 741 4323 grave
769 4238 908 4302 damnum
929 4237 1002 4301 alio
1045 4240 1138 4302 Azor.
1155 4252 1233 4320 part.
1260 4257 1286 4299 t.
1311 4231 1398 4310 instit.
1417 4255 1485 4298 mor.
1506 4230 1559 4294 lib.
1573 4255 1602 4311 9.
1625 4251 1683 4318 cap.
1696 4262 1726 4317 9.
1735 4259 1782 4318 qu.
1793 4257 1825 4316 7.

221 4349 308 4402 rum,
329 4326 399 4389 ficut
420 4347 473 4390 nec
493 4325 621 4409 graviter
651 4336 809 4405 peccaret,
839 4320 891 4403 qui
921 4320 1003 4384 daret
1043 4318 1093 4393 id,
1115 4316 1194 4400 quod
1214 4313 1305 4381 cultui
1325 4313 1429 4380 divino
1458 4313 1656 4378 consecratum
1687 4319 1742 4392 est,
1764 4331 1825 4379 non

225 4410 310 4473 alteri
330 4406 479 4470 candelam
510 4427 570 4471 non
600 4401 777 4468 benediiiam
806 4422 859 4484 pro
889 4400 1002 4466 benedi·
1045 4400 1129 4464 debet
1150 4398 1180 4461 in
1201 4395 1267 4461 usus
1286 4395 1440 4479 profanos,
1463 4396 1494 4457 dt
1515 4392 1612 4459 multo
1641 4397 1738 4460 minus
1758 4416 1824 4480 pec·

223 4491 296 4552 eta.
315 4489 378 4551 Nec
399 4489 480 4552 valet
500 4488 608 4568 paritas
626 4483 847 4565 Reliquiarum,
880 4481 910 4546 in
941 4481 1006 4565 qui·
1028 4478 1208 4544 .caminosos
1229 4477 1385 4551 converti;
1406 4475 1531 4542 Cassum
1553 4476 1621 4539 as.
1654 4477 1722 4540 Elia
1750 4479 1828 4559 ons.

225 4571 280 4634 bus
299 4567 462 4643 hujusmodi
483 4568 559 4634 fraus
578 4564 729 4632 committi
750 4564 848 4646 nequit
870 4563 926 4626 sine
977 4585 1005 4626 c·
1046 4569 1129 4647 Aqua
1148 4563 1178 4638 §.
1200 4582 1230 4638 4.

225 4670 293 4717 cato
314 4649 416 4716 lethali
429 4673 439 4726 3
467 4651 539 4734 quia
564 4647 736 4719 aneorum
768 4644 910 4728 Reliquiae
952 4661 1005 4710 unt
1085 4641 1232 4720 Quaeritur
1252 4637 1352 4715 sertor
1374 4638 1425 4704 An
1455 4635 1520 4704 usus
1551 4639 1648 4720 Aque
1676 4637 1828 4783 beneqitsta

541 4989 545 4995 ,
590 4974 692 5072 j
1634 4983 1678 5003 ..
