4025 5284
279 163 313 264 ·4
672 144 1360 233 Annos.

208 270 289 335 Trici.
307 265 371 347 [effi
386 287 437 346 23.
457 263 491 324 de
511 262 620 340 reform
642 280 700 344 cap.
718 282 764 323 ro.
786 258 900 340 (*)Sed
920 256 989 321 vide
1039 252 1415 334 rioribastamsaeeularibus‚
1438 277 1521 335 quam
1532 253 1731 337 Regnlnibas,
1752 262 1830 325 urin

214 350 287 413 infra
306 368 388 410 num,
404 366 452 421 29,
1035 340 1163 418 futurum
1190 336 1326 399 concedere
1346 362 1398 399 non
1426 335 1545 397 audeant
1568 339 1741 420 fiapradillas
1761 346 1826 403 Lu·

155 450 194 491 22
256 431 321 491 Nec
342 424 453 490 etiamsi
475 423 525 486 alii
546 421 702 501 Regulares
722 439 780 483 noo
802 418 937 494 subditi,
969 420 1000 481 δι
1042 438 1114 479 teras
1133 418 1297 497 dimissorias
1323 417 1483 500 hujusmodi
1501 415 1826 497 uolnerauerat,

212 506 322 573 Clerici
357 504 498 568 saculares
527 500 647 566 afferant
680 501 853 567 dimissorias
883 502 999 564 suorum
1041 522 1089 565 nec
1107 497 1143 559 ab
1164 500 1220 578 isiis
1239 503 1338 582 recipi.
1360 497 1448 586 Quod
1461 499 1573 578 fisenus
1587 498 1660 575 fias,
1684 519 1741 561 tam
1762 526 1827 566 con-

213 587 368 671 respeilive
388 585 569 668 Superiorum
590 604 599 655 3
629 600 663 647 ut
693 578 830 667 rescripsit
852 578 999 663 Episcopo
1040 580 1178 657 cedentes,
1199 603 1281 662 quarn
1302 580 1472 644 ordinantes
1487 606 1507 642 a
1526 580 1665 642 collatione
1687 582 1827 645 Ordinam

107 718 111 725 ,
214 667 371 750 Eugubino
391 672 466 729 sacr.
489 672 619 747 congreg·
650 665 773 744 Etscop.
796 663 835 726 (9
857 663 956 744 Regul.
970 684 997 742 3.
1034 664 1159 745 suspenst
1175 679 1358 738 remaneant,
1382 680 1480 745 prater
1509 662 1580 723 alias
1595 681 1691 743 poenas
1709 663 1826 726 arbitrio

214 746 500 829 Novemb.1593.&
519 741 641 826 expresse
678 742 816 808 eclaravit
836 747 911 804 sacr.
926 748 998 804 Con·
1041 743 1164 826 ejajdem
1186 750 1272 807 sacre
1302 749 1432 826 congreg.
1454 744 1625 822 reservatas.
1658 750 1755 825 Quam
1775 746 1824 806 de·
1926 734 1929 759 '

208 852 282 914 greg.
310 830 431 889 Consilii
456 847 502 907 13·
515 820 682 888 Novembris
716 827 803 898 1641.
824 828 908 885 Sarra
927 827 998 883 Con·
1041 828 1214 889 clarationem
1236 824 1289 902 sel.
1320 822 1517 886 reambiens
1546 823 1825 909 V111.dier7.Ja·

210 933 286 993 greg.
308 909 483 986 Eminensiji.
516 904 709 968 cardinalium
731 906 851 966 Consilii
870 901 998 966 Trident.
1016 910 1135 970 ‘nuarii
1159 911 1244 983 1642.
1264 903 1303 965 ad
1316 906 1349 983 se
1367 903 1488 966 delatam
1508 904 1690 989 approbavit,
1722 905 1761 967 (r
1781 912 1826 970 in-

212 994 411 1071 interpretnm,
425 1006 472 1050 ntr
506 989 814 1071 ueparteinformante,
829 985 925 1060 m&
933 985 1003 1063 scri·
1045 986 1216 1049 violabiliter
1233 986 1373 1065 observari
1388 989 1483 1066 jnffit.
1506 987 1572 1050 Imo
1592 985 1659 1049 ralis
1679 985 1828 1052 ordinatio
1854 1013 1895 1072 ις

210 1074 299 1154 ptis,
331 1090 365 1131 ac
384 1011 535 1133 rationibus
562 1066 709 1128 hincinde
739 1063 866 1127 dedabiis
895 1082 1000 1126 mature
1043 1068 1194 1132 Abbatum
1224 1066 1433 1131 conferentium
1462 1067 1587 1137 Ordines
1617 1067 1742 1131 minores
1769 1070 1823 1131 fibi

214 1154 396 1221 examinatis,
418 1146 705 1221 rnbnndodoofioni
719 1151 796 1207 Rota
809 1145 1000 1223 Romanaejnb
1041 1170 1099 1212 non
1122 1148 1258 1222 subditis,
1282 1148 1348 1210 licet
1369 1169 1436 1210 cum
1457 1148 1619 1210 dimissoriis
1640 1146 1852 1230 suisoperio.

215 1231 262 1291 die
285 1250 331 1305 27·
345 1231 452 1309 Aprilis
485 1248 572 1307 1592.
594 1249 682 1289 coram
704 1225 764 1290 bon.
796 1251 877 1288 ment.
899 1225 1000 1289 Cardi-
1044 1229 1111 1303 tis,
1141 1230 1207 1292 esset
1240 1229 1323 1289 irrita
1351 1228 1382 1289 δι
1403 1226 1550 1304 invalida,
1582 1246 1614 1290 nt
1636 1227 1830 1293 Eminentiss.

215 1310 276 1376 nali
295 1309 461 1391 Seraphim,
479 1307 514 1368 de
536 1305 626 1371 ordine
639 1309 754 1386 felnes.
775 1306 925 1369 Clementis
945 1310 1000 1369 Pa-
1043 1309 1160 1370 Cardin.
1176 1309 1283 1390 Giptio
1305 1307 1439 1371 referente
1460 1309 1586 1371 decrevit
1607 1317 1680 1371 sacr.
1693 1314 1831 1395 congreg.

210 1406 254 1474 pae
274 1392 358 1451 Vlsl.
374 1390 485 1467 fassa,
515 1412 611 1453 necnon
633 1387 859 1452 declarationibus
879 1387 1000 1471 ejusdem
1043 1391 1165 1470 Episcop.
1188 1390 1227 1450 O*
1251 1389 1349 1468 Regni.
1370 1388 1416 1448 die
1439 1392 1571 1465 27.lunr'i
1596 1394 1681 1471 1631.
1704 1389 1732 1450 in
1785 1413 1829 1453 ua

216 1476 277 1533 sac.
299 1473 518 1556 congregationis
546 1470 626 1533 disin
645 1470 772 1547 decrssoni
800 1468 998 1549 conformibus,
1042 1466 1099 1530 fois
1120 1467 1296 1544 resolutum,
1328 1468 1463 1529 Thomanr
1486 1468 1657 1529 Narduciunt
1679 1414 1828 1552 Carrplen.

211 1548 384 1631 scissemus,
407 1554 528 1631 censerit,
549 1549 702 1636 improbata
722 1554 841 1633 opinione
850 1554 1001 1623 contraria,
1038 1567 1192 1631 promotum
1212 1546 1249 1608 ab
1269 1546 1378 1610 Abbate
1406 1550 1440 1609 de
1461 1550 1607 1629 Carrapoli
1627 1550 1740 1612 Ordinis
1760 1558 1829 1617 Coe·

216 1627 341 1695 Abbnes
362 1635 511 1715 Regulares
532 1632 718 1696 Benediblinos
746 1632 868 1714 ejusdem
888 1640 1003 1714 Congre·
1045 1629 1158 1705 sejlinor.
1181 1652 1241 1690 cum
1261 1632 1361 1692 litteris
1379 1629 1603 1707 dirnilsorialibus
1621 1635 1724 1692 Vnarii
1738 1637 1825 1696 Gene-

213 1714 361 1795 gationis,
391 1717 441 1777 ves
460 1712 601 1792 Ordinis,
633 1733 683 1776 ant
704 1713 823 1791 instituti
835 1758 856 1790 ,
875 1711 1002 1775 habentes
1042 1710 1110 1770 ralis
1131 1712 1273 1792 Camplen.
1295 1710 1385 1772 eidem
1403 1710 1510 1770 Abbati
1530 1709 1661 1787 diariis,
1683 1712 1734 1791 effe
1753 1716 1830 1775 male

218 1796 303 1850 etiam
320 1796 387 1868 jura
407 1795 598 1870 Episcopalia,
618 1798 869 1871 asinosque-Mitris,
893 1794 931 1852 (r
953 1791 1000 1849 ba·
1036 1808 1212 1873 promotum,
1233 1809 1316 1884 atque
1335 1793 1394 1854 ideo
1414 1792 1535 1870 indigere
1553 1815 1626 1854 nova
1640 1799 1826 1875 promotione,

92 1942 94 1947 ,
218 1869 302 1942 culi,
335 1868 373 1927 (J
403 1867 609 1943 benedicendi,
637 1890 691 1930 aa*
694 1872 861 1947 sanititatem
880 1873 1004 1949 primane
1043 1889 1075 1931 ut
1086 1871 1196 1948 testatur
1207 1872 1308 1934 Selltus
1318 1877 1347 1932 in
1355 1873 1449 1951 seleil.
1463 1881 1566 1934 Canon.
1575 1890 1633 1953 cap.
1650 1894 1780 1951 19.nurn.
1791 1879 1826 1937 8.

94 1950 99 1965 ¹
219 1948 389 2025 Tonsuram,
413 1947 452 2010 O
474 1951 595 2010 Minores
615 1948 732 2011 Ordines
751 1948 932 2026 confnmdi,
954 1972 1004 2010 oon
1045 1952 1189 2014 Navarius
1209 1956 1239 2013 in
1259 1956 1380 2014 baerna
1401 1955 1530 2035 Regulus.
1540 1951 1616 2015 verb.
1628 1954 1696 2016 Ord.
1705 1979 1780 2020 num.
1792 1977 1823 2017 2.

214 2027 288 2111 poffe
316 2026 422 2088 disiam
444 2030 621 2106 wastinam,
650 2031 699 2091 vel
720 2032 841 2091 Minores
860 2029 1003 2105 Ordines,
1045 2031 1077 2094 δι
1097 2052 1164 2095 cum
1187 2032 1285 2095 multis
1306 2032 1371 2096 aliis
1391 2050 1471 2097 tener
1494 2030 1616 2095 Barbosa
1635 2034 1669 2094 de
1690 2036 1758 2111 offic.
1781 2036 1824 2097 (ν’

217 2107 340 2187 nilisuis
354 2105 479 2187 subditis
491 2107 673 2194 Regularibus
693 2111 828 2187 conferre,
850 2135 901 2175 non
913 2131 1005 2176 autem
1038 2112 1134 2195 potest.
1157 2113 1279 2193 Episcop.
1290 2131 1361 2195 part.
1376 2134 1403 2175 2.
1425 2113 1535 2194 allegat.
1548 2135 1576 2194 3.
1585 2137 1659 2176 num.
1676 2137 1721 2177 11.
1744 2118 1773 2178 br
1793 2120 1824 2178 in

220 2194 265 2248 Re
282 2187 404 2251 alaribus
422 2188 536 2250 alterius
555 2198 614 2253 Con
632 2193 797 2270 negationis,
820 2193 933 2255 Ordinis
952 2193 1001 2254 vel
1040 2192 1145 2254 Cascis.
1167 2191 1292 2253 Trident.
1316 2193 1380 2272 Μ
1393 2214 1440 2274 23.
1461 2219 1490 2255 n.
1503 2213 1529 2271 ς.
1562 2193 1593 2256 81
1621 2199 1652 2256 in
1672 2196 1824 2259 Colleblan.

221 2214 368 2347 inplicati,
392 2269 429 2331 O
450 2270 560 2346 etiamst
575 2214 693 2333 babeam
714 2270 819 2345 litteras
837 2273 1000 2351 dimifforias
1039 2272 1172 2346 Deciston.
1195 2272 1310 2353 Apellol.
1340 2271 1419 2333 verb.
1440 2273 1540 2332 Abbas
1558 2297 1634 2335 num.
1650 2297 1694 2351 17.
1719 2278 1821 2356 Pigna·

214 2347 382 2430 superiorum
388 2352 500 2429 suorum
513 2353 707 2437 Regulariurn,
732 2352 771 2416 O*
783 2356 934 2434 consenficns
949 2359 1000 2416 Or·
1045 2351 1107 2415 tell.
1121 2369 1187 2410 torn.
1202 2373 1227 2411 r.
1238 2352 1349 2429 coirfialr.
1361 2357 1429 2431 356.
1444 2377 1519 2413 neem.
1532 2373 1559 2411 2.
1573 2353 1612 2414 O
1625 2376 1651 2429 3.
1668 2355 1706 2416 (J
1717 2376 1781 2420 tom.
1791 2380 1820 2434 4.

220 2429 413 2509 dinariorum,
443 2436 516 2496 intra
543 2456 654 2515 qnorum
673 2436 826 2511 Dioecefiam
850 2433 923 2508 fines
952 2433 1005 2516 ipfi
1043 2432 1153 2512 consult.
1169 2430 1235 2492 188.
1255 2454 1331 2494 nam.
1342 2450 1373 2506 4.
1404 2430 1435 2490 8<
1456 2432 1491 2492 fic
1523 2432 1612 2495 etiam
1633 2434 1702 2497 alias
1730 2438 1822 2500 decre·

222 2513 368 2592 Regnltnes
398 2512 541 2574 ordinandi
560 2514 703 2590 eristun&
740 2517 778 2573 Et
796 2514 882 2575 merito
912 2519 1003 2577 annm
1042 2530 1123 2576 verat
1144 2516 1228 2573 Sacra
1246 2518 1375 2595 Congreg.
1398 2512 1518 2574 Consilii
1535 2519 1565 2575 in
1583 2536 1639 2577 una
1657 2520 1819 2597 Gravinenss

215 2595 335 2674 perstrnis
349 2592 523 2667 saculnibus
541 2599 625 2655 etiam
638 2591 801 2655 habentibus
820 2597 938 2657 litteras
957 2593 1000 2655 di·
1041 2591 1088 2655 die
1109 2596 1240 2672 adding.
1256 2597 1340 2653 1616.
1363 2589 1435 2671 Ψ)

221 2671 354 2749 mifforias
372 2694 391 2728 a
405 2673 465 2748 suis
485 2671 659 2736 Ordinariis.
679 2679 723 2734 Ac
737 2692 877 2756 propterea
896 2673 1001 2737 inbibes
1064 2672 1212 2753 ,Abbates
1242 2671 1310 2736 licet
1331 2672 1361 2731 in
1382 2671 1546 2749 Paruchm,
1578 2676 1608 2737 81
1628 2676 1819 2738 Paroclrianos
1843 2698 1903 2756 ²4

222 2750 451 2834 Archicpistrpis,
473 2755 623 2838 Episcopie,
647 2754 686 2818 O
705 2755 772 2818 aliis
788 2756 913 2818 Prelatis
931 2757 1000 2835 inse·
1041 2754 1055 2826 J
1060 2752 1273 2817 urisdiiiionem
1299 2750 1423 2815 habeant
1443 2754 1520 2835 quast
1540 2752 1738 2843 Episcopalem
1759 2756 1818 2834 pri-

1677 2848 1777 2894 native

265 2913 314 2994 (*)
335 2916 445 2977 Verum
462 2937 510 2997 per
531 2919 605 2983 hanc
616 2917 783 2981 Tridentini
804 2918 852 2980 dis
868 2919 1017 2984 ostionem
1040 2916 1160 2979 facultas
1178 2936 1359 3010 nequaquam
1380 2913 1489 2978 sublata
1510 2916 1548 2978 est
1570 2910 1822 3007 ApollolieaeSedi

224 2993 389 3074 indulgendi
406 2998 567 3062 Abbatibus
588 2997 774 3079 quibusdam,
798 3019 830 3063 ur
871 2999 1003 3064 onsuram
1019 2992 1207 3076 Minoresque
1220 2999 1343 3060 Ordines
1363 2993 1418 3059 suis
1431 3017 1489 3060 non
1511 2995 1627 3059 subditis
1649 2991 1822 3065 conserant,

225 3095 260 3141 ur
279 3078 354 3137 reela
384 3078 589 3141 anhnadvetrit
610 3079 873 3142 BenedieiusXIV.
897 3079 947 3143 lib.
964 3102 990 3141 2.
1012 3079 1046 3140 de
1068 3076 1171 3158 synodo
1191 3095 1249 3158 cap.
1263 3098 1308 3139 11.
1330 3077 1430 3140 harum
1452 3074 1668 3140 concessionum
1684 3071 1819 3153 exempla

225 3156 407 3241 producens:
428 3203 449 3231 ,‚
472 3159 658 3233 Concilium,
682 3158 795 3239 inquit,
817 3161 1005 3243 procedentia
1026 3158 1180 3242 privilegia
1200 3154 1354 3238 abrogavit
1373 3179 1383 3229 ;
1404 3156 1449 3220 sed
1470 3157 1505 3219 ab
1526 3154 1623 3217 iisdem
1646 3155 1824 3235 inposlerurrt

225 3282 254 3315 „
270 3237 456 3299 concedendis
477 3261 534 3301 non
557 3239 654 3321 potnit
670 3239 868 3321 Apostolicam
882 3242 981 3303 Sedem
1004 3240 1047 3300 im
1085 3240 1162 3309 dire,
1184 3254 1214 3298 ut
1236 3238 1270 3299 ad
1292 3260 1350 3301 rem
1374 3236 1512 3318 ponderat
1531 3239 1682 3317 fagnaous
1704 3233 1733 3294 in
1754 3252 1820 3314 cap,

226 3361 247 3392 „
269 3321 436 3391 stamineas,
460 3317 493 3377 de
507 3325 599 3402 sappi.
621 3320 719 3403 neglig.
733 3320 842 3382 Prusae.
865 3319 1016 3394 Ejusmodi
1038 3260 1247 3397 biivilegioro,
1269 3336 1301 3380 ut
1323 3316 1381 3381 alia
1398 3315 1529 3396 exempla
1549 3314 1827 3397 pretermittamus,

228 3441 250 3472 „
271 3396 307 3460 ab
331 3398 417 3459 Alex.
435 3399 525 3459 VIII.
547 3400 593 3460 die
614 3401 642 3460 8.
655 3399 766 3482 Aprilis
792 3406 878 3478 1690.
901 3401 1061 3464 concellum
1081 3397 1136 3462 suit
1158 3398 1324 3461 Primieerio
1345 3395 1484 3460 &Marci
1497 3394 1704 3468 Veneriorum,
1725 3392 1825 3474 quoad

229 3520 250 3549 ,‚
272 3476 403 3559 personas
424 3478 515 3541 eidem
540 3478 722 3542 inservientes
745 3481 897 3543 Ecclesia.
920 3481 942 3511 '’
1847 3536 1850 3539 .

270 3558 339 3634 (**)
364 3559 408 3620 At
429 3560 605 3620 contrarium
636 3558 728 3621 asserir
750 3560 1021 3623 BenedislueXlV.
1043 3561 1092 3622 loc.
1106 3563 1153 3621 cit.
1175 3562 1259 3633 cujus
1275 3559 1333 3620 hac
1355 3556 1418 3619 sunt
1438 3556 1548 3620 verba:
1571 3598 1591 3628 „
1613 3554 1700 3628 Quod
1721 3569 1824 3616 autem*

228 3677 251 3709 „
271 3636 307 3697 ad
328 3635 450 3698 alteram
468 3641 591 3720 pertinet
614 3641 803 3714 Qnaeoiooern
827 3642 860 3702 de
881 3642 1081 3703 Ordinationis
1102 3640 1281 3713 validitate,
1303 3640 1364 3709 jam
1385 3635 1512 3717 plerique
1535 3634 1672 3697 Doslores
1692 3631 1824 3696 suslineti·

228 3756 249 3788 „
272 3716 426 3777 docuerant
448 3719 571 3798 primam
594 3718 739 3781 tonsuram
763 3720 940 3802 minoresque
960 3723 1072 3783 ordines
1092 3743 1109 3781 a
1128 3718 1268 3815 pradislis
1289 3717 1453 3779 Abbaribns
1472 3713 1594 3778 collatos
1615 3732 1664 3777 aut
1686 3712 1821 3794 regulari-

229 3834 250 3870 „
272 3794 323 3857 bus
345 3795 393 3855 srbi
415 3819 472 3857 nrm
495 3798 641 3871 subicior,
663 3819 712 3862 aur
736 3799 912 3862 sacularibus
931 3802 958 3862 in
982 3799 1036 3863 siris
1058 3800 1225 3880 Privrlegiis.
1249 3817 1307 3858 non
1329 3796 1563 3880 comprehensis.
1587 3796 1639 3857 Ita
1655 3795 1762 3877 quippe
1783 3790 1827 3853 as·

229 3916 250 3947 „
274 3873 415 3940 serirerum
436 3879 537 3939 Soarez
557 3877 591 3938 de
603 3881 691 3958 Relig.
703 3885 784 3942 Tom.
794 3903 823 3955 4.
845 3900 880 3942 tr.
891 3884 919 3941 8.
930 3880 979 3940 uo.
995 3903 1019 3940 2.
1043 3899 1100 3962 cap.
1114 3902 1162 3957 29.
1186 3880 1338 3958 Fagnanus
1358 3883 1388 3941 in
1409 3867 1659 3959 capsitanuimns,
1681 3874 1715 3934 de
1730 3871 1833 3957 suppl..

231 3994 251 4026 „
273 3957 496 4037 neglichrelat.
511 3960 588 4020 Huic
608 3980 678 4020 vero
700 3958 844 4023 sententia
864 3961 1004 4022 calculum
1026 3959 1140 4023 subinde
1160 3958 1263 4031 adjecit
1285 3960 1346 4021 Sac.
1362 3956 1582 4038 Cong.Conc.,
1603 3975 1665 4035 qua
1686 3954 1825 4016 illicitam

230 4074 251 4107 ‚‚
273 4035 388 4116 quidem
412 4038 533 4111 habuit,
557 4037 601 4101 sed
623 4038 746 4102 validam
772 4038 879 4123 semper
899 4041 1099 4122 pronuntiavit
1120 4037 1355 4113 ordinationem,
1377 4040 1411 4100 de
1430 4058 1492 4118 qua·
1511 4036 1691 4106 disserimus,
1712 4033 1823 4097 addidit

231 4156 252 4188 ,‚
274 4128 401 4178 tamen':
436 4119 591 4181 Promotus
613 4118 648 4180 ab
671 4118 729 4180 illis
751 4119 875 4200 indigere
897 4119 1113 4197 absolutione(
1136 4140 1152 4180 a
1172 4117 1347 4199 suspensione
1370 4121 1383 4196 )
1405 4117 1436 4179 δι
1457 4115 1688 4178 rehabilitatiooe
1710 4114 1818 4177 1811-

232 4235 253 4268 ,‚
276 4195 399 4261 slissrmo
429 4197 614 4262 obtinenda:
646 4200 915 4262 uthabeturl.18.
939 4200 977 4263 (r
1003 4225 1048 4279 19.
1070 4199 1167 4259 decret.
1190 4219 1222 4259 ae
1252 4198 1280 4257 in
1302 4198 1449 4260 Thesauro
1473 4194 1692 4260 Resolutionum
1715 4213 1826 4274 tom.3.

233 4316 254 4350 ‚‚
270 4295 338 4359 pag.
352 4279 418 4338 288.
443 4278 481 4340 (r
506 4283 573 4355 296.
596 4282 694 4354 Quare
715 4299 769 4353 ut,
789 4300 875 4360 quam
896 4280 1041 4345 versamus
1061 4280 1301 4354 controversiam,
1325 4278 1422 4361 paucis
1442 4275 1640 4349 absolvamus,
1664 4273 1826 4337 autllbbas

232 4397 253 4430 ‚‚
276 4357 356 4420 nullo
379 4358 483 4421 sruitur
504 4359 658 4441 privilegio
681 4360 843 4423 conserendi
866 4364 1025 4437 recensita,
1056 4377 1106 4422 aut
1127 4359 1282 4441 privilegio
1299 4359 1415 4440 potitur
1437 4357 1535 4420 eadem
1558 4356 1721 4419 conserendi
1743 4372 1828 4417 certo
1874 4431 1877 4434 ἢ

233 4477 255 4512 „
277 4435 458 4520 personarum
482 4441 597 4515 generi.
620 4439 651 4499 Si
672 4440 820 4521 primurn,
842 4464 891 4504 nec
914 4442 1013 4517 licite,
1036 4461 1087 4504 nec
1107 4440 1200 4503 valide
1222 4441 1313 4522 potest
1332 4458 1508 4520 quemquam
1530 4441 1564 4500 ad
1581 4432 1826 4518 primam-tonsu-

232 4559 256 4592 „
278 4538 339 4610 ram
361 4517 539 4664 mffiresqile
559 4519 671 4631 ogdines
690 4539 889 4603 promovere;
918 4523 1099 4597 sialterum,
1125 4519 1226 4585 illicite
1245 4518 1373 4603 proseilo
1385 4565 1399 4599 ‚1
1417 4536 1547 4587 attamen
1568 4516 1682 4596 valide,
1713 4513 1828 4582 confert

231 4637 255 4675 ‚2
276 4616 365 4665 ettam
415 4620 475 4679 us,
528 4621 557 4665 e.
1824 4617 1828 4623 ’
