4025 5284
213 179 253 244 ,n
271 90 356 240 l⁰4
500 59 883 163 assuererunt,
911 57 1246 165 susurrem,
1276 59 1398 146 nse.
1427 61 1522 148 ιιι.

285 202 325 243 uz
347 174 441 238 liberae
459 173 625 238 collationis
648 197 657 249 ς
677 173 755 254 quod
775 171 858 234 facile
877 169 992 233 contin·
1035 194 1148 235 marum
1170 191 1322 254 precum,
1353 189 1387 236 ut
1416 174 1430 236 I
1501 188 1580 239 rator
1599 168 1696 257 postte
1717 191 1754 237 to
1774 171 1821 238 nti

214 282 280 342 gere
301 257 408 342 pollet,
431 255 451 318 li
472 256 549 320 intra
569 255 654 319 breve
674 272 789 343 tempus
816 251 911 333 plures
933 251 992 312 lm·
1035 271 1103 318 ante
1132 252 1385 318 confirmationem
1420 196 1546 338 amliupr
1573 271 1755 340 acceptam,
1790 256 1823 320 dt

214 358 359 425 perarmet
381 357 594 409 morerentur,
626 335 659 396 or
687 351 756 393 novt
788 329 994 405 succederent,
1038 336 1135 397 slatirn
1157 355 1191 398 ac
1210 335 1391 400 concorditer
1410 337 1450 399 eli
1480 336 1612 414 elesius,
1643 334 1733 421 possit
1763 336 1824 421 psi·

220 442 288 485 cum
307 419 430 502 quilibet
451 419 485 483 de
506 433 584 477 noro
605 411 710 476 eleetos
730 411 833 477 babeat
863 411 915 482 Ius
945 431 996 474 no
1036 436 1105 496 Q
1122 436 1217 499 preces
1237 416 1273 478 ad
1296 415 1437 480 Beneficia
1467 436 1609 483 vacatura
1637 420 1825 501 interponere

216 502 347 568 minandi
368 501 404 561 ad
425 493 566 559 Beneficia
584 491 714 575 aliquam
734 489 900 560 ‘Personam
935 489 996 553 ido-
1037 497 1139 578 vigore
1160 498 1314 561 nrernoreti
1336 497 1487 561 Indulria
1515 498 1647 581 quolibet
1677 498 1824 566 Pontifice

219 604 304 653 neanr
326 604 336 654 3
365 574 571 639 Cutiliensem
594 575 644 636 cir.
660 571 731 652 seli.
748 592 776 633 ι.
805 573 878 651 vers.
895 572 997 649 [erstem
1037 577 1156 642 concedi
1178 576 1256 641 soliti
1276 599 1285 651 ;
1307 579 1392 658 idque
1412 579 1451 641 ob
1471 582 1626 662 cognitam
1655 578 1820 662 benignita·

237 685 332 729 uereor
352 652 507 741 Beneficlm
529 652 659 734 Plfhlng·
675 655 871 729 l⁰0·0⁸'²·³70·
893 650 997 734 Essgel·
1039 675 1100 722 tem
1121 660 1308 722 summorum
1332 659 1541 736 Pontificum,
1566 661 1623 741 qui
1639 659 1745 722 disiunr
1766 664 1817 726 In·

216 692 528 826 lrb.3.num.71.de
557 733 700 802 eredens.
731 733 877 802 Relllenst·
904 731 956 800 lib·
969 760 996 820 3·
1039 738 1154 806 dultum
1177 739 1296 804 Litteris
1316 740 1367 803 etsi
1377 739 1518 823 posterius
1535 741 1632 815 datis,
1657 741 1817 806 indubitan-

218 828 253 893 do
273 825 417 890 Probend.
438 847 514 887 num.
528 822 596 902 584.
618 820 649 884 δι
669 819 721 884 alii
745 819 865 903 passim.
1038 841 1083 887 ter
1103 819 1167 885 sunt
1187 819 1369 896 concessuri,
1392 822 1485 902 sicque
1505 820 1690 885 ratihabituri
1725 824 1817 885 nomi·

161 931 200 995 3²
259 905 420 990 Colligitur
439 901 639 968 duodecimo:
669 901 748 981 quod
770 899 837 965 licet
856 895 998 964 concessio
1038 902 1170 968 nationes
1192 901 1226 965 ad
1247 899 1388 965 Beneficia
1408 902 1579 967 aunonrne
1610 900 1739 984 ipsomm
1760 905 1820 975 jans

219 988 379 1073 primarum
401 1005 517 1070 precum
541 981 685 1066 pertineat
715 981 750 1045 ad
781 983 888 1062 gratias
916 998 1000 1062 expe·
1040 1004 1127 1047 antea
1147 982 1252 1057 sadlas,
1275 1002 1342 1043 nam
1363 1004 1397 1044 err
1417 986 1695 1063 Re.1o.Jurisin
1716 985 1745 1043 6.
1763 987 1824 1043 Ra·

220 1068 364 1144 Retices,
386 1088 451 1131 eum
476 1066 640 1148 Imperator
658 1062 708 1133 lus
728 1062 830 1125 habeat
848 1061 1000 1122 nominari·
1041 1063 1232 1128 tihabirionem
1253 1061 1399 1125 retrotrabr‘
1408 1108 1418 1140 ,
1442 1007 1484 1127 ὦ
1494 1063 1624 1128 mandato
1642 1088 1698 1126 nm
1714 1061 1753 1141 etr
1771 1061 1823 1123 da·

222 1149 253 1211 di
273 1150 309 1211 ad
332 1146 473 1215 Beneficia
493 1144 625 1230 proxime
645 1161 800 1218 vacatura,
823 1162 881 1205 non
903 1158 1001 1205 tamen
1041 1144 1121 1208 bium
1142 1147 1309 1229 comparari.

221 1227 392 1314 prohibetur
412 1224 761 1291 aCuncilioTridentino
776 1223 841 1302 [effi
855 1242 902 1298 24.
914 1244 937 1283 c.
952 1244 999 1298 19·
1081 1224 1241 1307 Colligitur
1261 1222 1368 1287 ultimo
1393 1225 1498 1306 :quod
1518 1240 1553 1287 ut
1579 1221 1731 1287 Indulrum
1764 1221 1823 1287 boc
1847 1221 1890 1304 38

226 1308 491 1390 deresurmat.quia
512 1307 541 1368 irr
562 1304 638 1369 dieto
660 1302 921 1368 DecreroConcilii
942 1322 1002 1364 non
1044 1306 1204 1388 primarum
1226 1325 1343 1388 precum
1364 1305 1551 1387 Imperatoris
1583 1305 1707 1368 omnino
1739 1303 1822 1367 suum

223 1388 504 1472 comprehenduntur
534 1384 678 1468 primaria
716 1403 812 1465 preces
843 1386 1002 1467 Imperare
1045 1386 1181 1451 sortiatur
1209 1385 1368 1463 essediunr,
1399 1386 1531 1449 concedit
1561 1384 1695 1449 ponerer
1727 1384 1828 1449 eidem·

226 1471 296 1544 ris,
329 1487 362 1533 ut
383 1466 492 1533 censuit
525 1486 559 1527 ex
590 1461 730 1528 sententia
763 1464 1004 1545 congregationis
1046 1467 1221 1551 Imperatori
1244 1468 1437 1540 Executores,
1458 1466 1510 1561 qui
1541 1465 1664 1547 perse,
1698 1466 1746 1530 vel
1776 1487 1831 1549 pet

228 1549 359 1614 Consilii
382 1544 539 1628 Gregorius
558 1545 647 1607 XIII·
670 1544 700 1605 in
730 1545 850 1609 Litteris
880 1544 1003 1627 Apollo·
1045 1548 1136 1625 alios,
1160 1549 1190 1611 in
1212 1547 1276 1612 casu
1295 1593 1305 1624 ,
1326 1569 1385 1632 quo
1406 1548 1557 1609 Ordinarii
1586 1547 1752 1611 Collaturet
1778 1549 1828 1610 de·

226 1627 294 1692 licie
312 1632 395 1691 editis
419 1648 466 1707 ις.
481 1628 616 1707 januarii
641 1642 727 1705 1575.
759 1643 819 1687 tout
837 1622 953 1685 habetur
973 1629 1005 1686 in
1044 1630 1198 1693 tresiarent
1219 1649 1317 1711 parere
1338 1628 1441 1711 primis
1462 1628 1592 1710 precibus
1614 1627 1823 1709 Imperatoris,

224 1705 660 1800 declarationibuscardiualium
673 1708 719 1787 eja
732 1710 796 1769 dem
806 1708 916 1767 Decreti
928 1704 1015 1787 apud·
1045 1708 1120 1772 isos
1140 1712 1176 1771 ad
1217 1709 1372 1783 arendurn,
1394 1707 1482 1770 &ad
1505 1707 1653 1772 Beneficia
1675 1706 1825 1772 mulereo·

226 1788 318 1863 Joant
334 1788 508 1853 Gallemart.
530 1785 601 1848 idid.
623 1810 698 1850 num.
718 1808 743 1849 ι.
778 1788 809 1849 δι
840 1785 914 1870 apud
945 1786 1004 1849 Co·
1049 1731 1085 1853 ia
1106 1729 1267 1864 Precilis,
1299 1787 1477 1870 compellant
1497 1790 1588 1852 etiam
1618 1809 1669 1873 pet
1689 1787 1837 1851 Censura:-

228 1869 317 1936 chier.
332 1874 361 1933 ix
371 1872 498 1952 proemio
512 1885 626 1950 precum
642 1870 843 1947 primariarum
858 1868 912 1947 sol.
925 1865 1005 1931 a&
1046 1869 1270 1945 eeclesiastico,
1293 1870 1325 1931 δι
1346 1869 1469 1933 habeant
1503 1870 1682 1933 austoritare
1697 1868 1820 1951 Apollo

175 1967 211 2034 33
236 1969 265 2032 3.
286 1949 332 2015 De
352 1947 428 2014 fatto
448 1949 526 2013 enim
549 1949 578 2010 in
601 1946 930 2012 illoConcililDtcreto
951 1969 1011 2011 non
1052 1952 1109 2015 lica
1129 1950 1250 2015 liberam
1271 1948 1440 2013 facultatem
1462 1952 1613 2033 preliandi
1639 1972 1678 2012 ea
1701 1949 1799 2011 omnia
1818 1991 1838 2021 ,.

229 2030 594 2114 nominaturlmperator,
616 2027 746 2122 quicum
768 2031 802 2095 sit
823 2027 937 2113 speciali
957 2048 1010 2092 no
1073 2053 1115 2095 uae
1134 2032 1170 2095 ad
1188 2030 1329 2094 disiacum
1353 2051 1492 2112 precum,
1526 2030 1573 2094 seu
1594 2031 1830 2094 nominationum

232 2124 265 2174 ta
283 2110 415 2190 dignus,
447 2110 615 2175 nominatus
636 2105 762 2187 suisset,
793 2112 814 2172 li
841 2109 1010 2174 Concilium
1051 2053 1243 2176 balanatum
1277 2110 1391 2176 edesius
1424 2110 1641 2194 consequendos
1666 2125 1839 2193 opportuna·

230 2189 364 2259 voluisset
385 2189 469 2255 illum
489 2189 756 2274 comprehendere,
800 2205 849 2253 cut
873 2192 1009 2253 nomina·
1052 2191 1179 2262 suerint3
1201 2192 1322 2255 habetur
1342 2193 1464 2275 expresse
1484 2192 1515 2253 in
1537 2190 1601 2274 ipso
1626 2192 1744 2255 Indnlto
1758 2189 1830 2269 sesi.

232 2269 767 2367 vitCardinales,qui&ips1sunt
794 2269 897 2354 peciali
918 2287 1010 2345 nuta,
1050 2295 1081 2351 4.
1104 2273 1136 2336 ἃ
1156 2273 1194 2336 eli
1223 2274 1258 2335 ad
1286 2290 1415 2338 tenorem
1437 2287 1498 2354 cap.
1520 2279 1594 2334 Cum
1622 2273 1719 2354 nostris
1745 2276 1773 2333 ό.
1795 2270 1831 2330 de

231 2348 282 2414 seu
300 2349 474 2438 expressione
496 2353 596 2434 digni,
617 2351 648 2415 δι
670 2349 777 2435 ipseG
811 2351 907 2434 gorius
919 2352 1010 2412 x111.
1051 2353 1158 2432 conmff.
1169 2353 1324 2416 Prehendae
1346 2353 1385 2417 Θ
1404 2353 1642 2435 capaeConflitutus
1664 2347 1757 2430 rode
1779 2357 1837 2412 Re·
1922 2388 1925 2392 .

234 2430 308 2510 dicit
329 2431 404 2518 apud
427 2427 555 2514 Fagnan.
582 2436 613 2494 in
633 2451 695 2514 cap.
717 2436 823 2507 Nulla,
854 2430 889 2491 de
908 2431 1033 2510 concess.-
1051 2438 1181 2517 scriptis,
1204 2435 1253 2498 ubi
1274 2434 1381 2518 pariter
1401 2453 1459 2516 pro
1474 2435 1644 2498 executione
1657 2435 1838 2497 Litterarum

236 2510 478 2575 Prehendaenunr.
493 2534 539 2574 10.
548 2511 627 2593 quod
650 2514 786 2578 meminit
796 2531 927 2595 tempore
937 2513 1016 2574 Con·
1057 2512 1291 2597 Apostolicarum
1321 2514 1356 2576 ad
1386 2509 1529 2577 Beneficia
1557 2514 1731 2598 deputantur
1761 2511 1834 2574 certi

235 2589 299 2654 cilii
319 2591 435 2674 quando
455 2590 636 2655 formabatur
655 2593 733 2666 dec.
757 2594 937 2676 19.aliqaus
963 2613 1018 2657 vo·
1059 2596 1253 2660 Executores.
1277 2598 1319 2658 Et
1340 2593 1384 2656 isli
1406 2595 1580 2659 Executores
1604 2641 1613 2670 ,
1644 2597 1675 2657 dr
1695 2593 1746 2655 ahi
1766 2590 1827 2651 sub
1852 2603 1906 2664 39

235 2668 317 2736 luisse
337 2672 424 2735 addi:
446 2676 485 2733 Et
499 2676 649 2755 primarias
663 2693 757 2756 preces
776 2676 939 2757 Imperatori
959 2696 1018 2736 con·
1059 2687 1225 2741 executores
1234 2675 1288 2737 abi
1312 2671 1499 2759 srsdeputati,
1521 2676 1621 2739 debent
1639 2675 1692 2737 esse
1713 2673 1745 2733 in
1777 2669 1834 2731 Di.

141 2766 145 2792 l
234 2750 335 2832 affice,
357 2750 402 2817 sed
421 2755 609 2816 communior
630 2753 772 2817 sententia
792 2757 911 2813 Petrum
933 2752 1017 2826 suit,
1058 2758 1171 2836 gnitate
1193 2697 1386 2819 Eccleianiea
1405 2756 1578 2829 conslituri,
1611 2754 1659 2815 vel
1695 2747 1837 2812 Persona-

236 2847 271 2893 ut
291 2831 441 2898 tolleretur
461 2854 559 2899 earum
574 2833 710 2896 mentio.
732 2832 835 2914 Sitque
855 2853 916 2895 nun
935 2851 1017 2894 com·
1058 2852 1123 2898 tum
1144 2835 1302 2908 obtinere,
1324 2851 1375 2896 aut
1396 2834 1613 2898 Cathedralium
1643 2828 1839 2893 Ecclesrarmn

235 2911 451 2994 prehenduntur
472 2913 616 2997 primarie
671 2932 746 2972 reces
774 2915 805 2971 in
835 2909 866 2971 d.
888 2934 921 2972 ca
941 2955 949 2972 .
970 2931 979 2970 ι
987 2932 1017 2987 o.
1057 2913 1225 2976 Canonicos
1246 2914 1379 2990 exiliere,
1400 2916 1445 2979 uti
1466 2934 1519 2998 pro
1545 2912 1682 2995 delegatis
1785 2910 1839 2971 llo

181 3009 222 3073 34
242 2993 282 3054 Et
302 2991 372 3058 dato
389 2993 468 3074 quod
491 2993 520 3054 in
553 2990 615 3073 ipso
666 3007 761 3052 ecreto
792 2928 1016 3072 compreiende-
1058 2991 1294 3068 liclsliatuitur;
1316 3000 1539 3078 capitumet
1564 3016 1611 3055 rr.
1632 2991 1666 3052 de
1688 2996 1733 3052 Re
1746 2992 1847 3071 creptis,

237 3087 316 3135 tetur
335 3073 426 3137 eriam
448 3074 631 3155 Imperator,
653 3069 843 3134 sicutiomnes
863 3070 916 3148 alii
937 3089 1018 3136 com·
1057 3078 1089 3137 in
1109 3078 1139 3136 6.
1160 3073 1266 3137 Etita
1294 3073 1416 3158 expresse
1445 3093 1525 3140 tenet
1558 3073 1685 3136 Cochier
1718 3071 1771 3133 loe.
1790 3073 1840 3131 cir.

236 3152 525 3235 prehendtmturibr‘,
548 3149 587 3214 Φ
608 3152 639 3211 io
652 3167 712 3293 col.
724 3152 813 3215 Nulla
835 3173 862 3212 2.
873 3168 932 3232 cap.
944 3156 1017 3214 Con·
1053 3152 1123 3235 [ιθ.
1134 3175 1164 3230 4.
1185 3157 1258 3232 vers.
1267 3160 1406 3243 Quodque
1423 3160 1604 3297 quienmffe,
1629 3155 1668 3216 (9‘
1689 3151 1770 3214 verb.
1785 3154 1851 3213 Per⁴

234 3231 346 3312 ssittctut
369 3230 464 3297 ende
482 3228 589 3309 cenctff.
614 3233 675 3293 Prae
719 3231 759 3294 (Ψ
779 3248 840 3314 cap.
853 3230 1022 3308 Detestanda
1056 3235 1190 3317 [μυεῖ
1208 3237 1328 3313 atium,
1359 3236 1410 3299 ubi
1439 3236 1511 3299 citat
1562 3253 1614 3297 ota
1644 3234 1727 3315 decis.
1738 3235 1847 3313 ppo-'rt

182 3329 219 3395 35
243 3331 271 3374 2.
283 3313 317 3373 de
337 3312 445 3393 conceff.
456 3309 610 3374 Praebeudae
628 3315 659 3376 t'n
681 3316 710 3375 6.
721 3311 828 3377 Adbuc
842 3310 1018 3388 Itlbfilleret,
1060 3319 1160 3397 Antiq,

240 3391 273 3459 dt
292 3393 401 3459 valeret
424 3392 572 3456 Indultum
594 3393 754 3476 prImarum
774 3393 917 3477 precum,
933 3411 1020 3477 utpo-
1102 3396 1324 3462 Advertendum
1343 3398 1410 3472 ell,
1440 3395 1518 3479 quod
1539 3414 1636 3479 preces
1666 3391 1810 3477 primatia
1829 3435 1849 3466 ,-.
1862 3401 1917 3460 4⁰

239 3489 270 3537 tt
289 3472 448 3539 concessum
471 3474 649 3555 Imperatori
668 3494 686 3537 a
706 3476 802 3556 Papa,
824 3475 876 3558 qui
897 3473 932 3537 de
951 3475 1020 3545 Jure
1082 3498 1123 3542 ua
1143 3475 1222 3541 sacro
1243 3479 1379 3542 Romano
1401 3477 1532 3559 Imperio
1552 3492 1701 3549 vacante,
1724 3473 1843 3537 suerunt

240 3555 334 3638 potest
355 3554 439 3640 supra
457 3554 508 3627 Ius
529 3549 688 3637 dispensare
710 3598 719 3630 ,
741 3571 826 3619 textu
846 3554 971 3638 expresso
992 3558 1023 3617 in
1060 3500 1206 3640 lucusque
1226 3559 1383 3653 expeditas,
1406 3558 1453 3621 vel
1475 3557 1503 3619 in
1524 3558 1668 3651 posterum
1690 3553 1844 3648 expedien-

241 3651 301 3717 cap.
324 3632 468 3718 Proposieir
488 3657 519 3713 4.
541 3634 576 3696 de
595 3636 748 3715 conoefflune
774 3633 931 3699 Praebendae
951 3635 991 3698 ibi
1014 3657 1023 3699 t
1063 3657 1111 3702 tur
1131 3655 1149 3701 a
1170 3639 1316 3715 vicanis,
1338 3639 1370 3702 δι
1390 3637 1588 3701 Provisoribus
1610 3635 1817 3714 Imperialrbus
1835 3674 1854 3707 ,.

185 3795 224 3876 ,⁶
240 3716 674 3882 essm
690 3716 1021 3881 irritent
1060 3713 1849 3882 mensurnus:

245 3874 363 3943 indulto
383 3879 541 3964 primarum
584 3891 679 3943 recum
702 3877 823 3960 expresse
853 3880 976 3960 derogat
993 3900 1020 3941 e·
1062 3821 1182 3954 trino,
1205 3879 1238 3941 δι
1267 3881 1445 3944 Provisiones
1476 3842 1712 3952 B’eneficiorurn,
1742 3891 1853 3937 earum*

244 3953 318 4020 tiam
340 3957 532 4022 concordatis
581 3958 729 4033 ermaniae,
753 3958 817 4022 ibi:
837 3964 900 4023 Non
919 3957 1022 4037 obdiam
1063 3960 1173 4026 intuitu
1192 3957 1291 4036 fatre,
1311 3960 1343 4023 dt
1362 3957 1516 4023 sarienda.

245 4034 320 4098 tibus
334 4081 342 4100 .
356 4081 389 4102 ..
409 4040 586 4104 concordatis
606 4043 738 4106 Nationir
762 4044 957 4113 Gemanica,
988 4062 1023 4103 ac

189 4133 228 4194 37
246 4122 400 4182 eorumdem
408 4122 637 4185 Concordatorum
645 4119 864 4198 ministratione.
884 4119 1022 4196 Quinim·
1179 4153 1183 4159 ·
1222 4119 1389 4186 Additt'ones
1417 4143 1451 4183 ex
1471 4120 1563 4183 aliena
1580 4141 1683 4181 mnu.

248 4215 299 4261 mo
322 4201 416 4285 Engel
445 4201 496 4265 lib.
509 4225 536 4283 3.
559 4201 593 4265 de
613 4201 758 4266 Puberes.
780 4203 810 4279 §
822 4225 851 4284 7.
873 4202 908 4263 de
925 4205 1027 4283 primis

241 4280 371 4423 {cerbus
389 4304 478 4363 a.71.
499 4287 529 4346 in
544 4282 597 4359 fin.
620 4283 740 4364 Pithing
760 4286 820 4348 eod.
834 4281 886 4360 lib.
910 4304 1022 4362 n.571.
1107 4280 1191 4347 Unde
1211 4283 1257 4353 ius
1286 4283 1343 4347 hoc
1373 4279 1577 4364 primitiarum
1606 4297 1728 4364 precum
1749 4278 1844 4360 Impe-
1870 4287 1918 4348 41

276 4360 394 4425 cillenii.
417 4364 474 4425 end.
485 4361 536 4424 lib.
545 4387 573 4424 n.
588 4385 655 4443 574.
675 4362 881 4445 Wagnereclrlc
903 4365 1023 4425 incom-
1065 4363 1155 4425 ratdri
1174 4378 1272 4427 ortum
1294 4365 1356 4438 fir,
1388 4363 1462 4426 mire
1483 4362 1559 4434 iuret
1578 4358 1616 4434 ise
1635 4360 1750 4426 variant
1769 4359 1849 4422 Scri·

176 4511 178 4516 ,
246 4463 331 4506 ment.
355 4446 500 4523 Exegetr'co
519 4446 564 4507 St.
584 4450 725 4504 canonum
754 4463 814 4528 cap.
836 4447 864 4505 lt
884 4447 955 4519 cui,
988 4443 1024 4503 de
1063 4459 1180 4525 ptores;
1200 4441 1327 4508 Consule
1349 4442 1452 4506 Brand.
1472 4446 1508 4505 de
1520 4448 1592 4522 Jure
1604 4443 1708 4522 Cesar.
1725 4444 1850 4524 primae.

250 4520 434 4589 tredennis
455 4525 484 4587 d.
497 4521 602 4589 volunt
623 4522 667 4585 ita
686 4523 783 4605 rigere
804 4522 952 4590 Indultum
966 4523 1026 4610 pri-
1060 4540 1137 4607 proc.
1158 4524 1211 4608 qui
1239 4542 1340 4609 cap-4.
1357 4541 1410 4608 per
1437 4542 1490 4590 tet.
1511 4523 1610 4592 relatis
1642 4521 1733 4591 variis
1752 4520 1850 4586 xarin-

483 4621 486 4628 '
1744 4621 1809 4669 rum
