4025 5284
388 138 643 266 “un
763 185 795 262 Β
914 185 946 265 B
1064 185 1107 264 A
1223 186 1278 267 s.
1652 221 1673 304 3

133 304 221 378 iuxta
234 301 322 365 ritum
335 297 365 358 in
380 278 692 361 Pontificasilsomann
706 290 921 374 prescriptum,
964 293 1123 357 inconcusse
1157 292 1301 361 observari
1321 291 1528 379 precipimus,
1563 302 1595 364 &
1627 307 1744 371 manda·
1847 328 1871 335 ”

138 385 263 449 omnino
278 377 451 458 suscipiant,
473 375 519 441 vel
535 374 634 439 saltem
656 394 722 436 eam
745 391 788 436 ter
807 373 844 434 ab
858 373 922 455 ipsrs
964 394 1046 436 mus.

139 462 290 531 humiliter
312 457 475 541 pullulent,
509 455 620 519 servata
639 453 735 517 forma
762 453 870 517 sancita
891 452 921 515 in
1004 452 1163 518 Universos
1191 453 1308 520 demum
1329 454 1515 541 Episcopus,
1547 475 1634 544 atque
1653 466 1743 528 eriam

137 562 196 625 cap.
219 546 394 614 statuimus,
424 536 459 597 de
482 535 628 619 supplend.
659 537 755 630 neglig.
776 533 920 598 Praeiator.
962 534 1231 618 Archiepiscopos,
1254 538 1393 617 aquibus
1414 537 1572 604 benedifflo
1593 543 1753 608 tribuenda<

136 622 265 698 Quodn
295 620 371 685 secus
391 618 532 692 fecerint,
566 618 603 681 ab
622 614 719 679 officio
738 634 790 697 per
811 635 920 678 annum
961 616 1034 689 erit,
1056 635 1212 697 eorumque
1234 616 1401 691 officiales,
1424 617 1604 697 Assrslentes,
1627 626 1658 685 δι
1679 625 1744 685 Mi.

137 704 191 764 lint
224 701 286 763 iso
306 706 367 775 jure
387 698 533 783 suspensi.
569 698 712 761 Volumus
733 713 856 771 autem,
889 697 921 759 &
960 696 1061 758 nistros
1080 695 1274 779 quoscumque
1296 696 1325 758 in
1349 699 1478 762 Domino
1500 700 1679 778 hortamur,
1710 724 1743 767 ac

135 803 221 865 expre
242 807 256 846 e
278 782 471 856 declaramus,
492 777 571 861 quod
593 778 703 860 ipsimet
717 777 845 840 Abbates
867 777 922 842 ele·
963 777 1169 854 admonemus,
1192 796 1224 841 ut
1244 776 1391 843 occasione
1411 778 1548 842 srmilium
1569 782 1742 848 benedislio-

137 861 656 945 dii,duranteprosatotermino,ac
671 858 806 935 interim,
821 858 923 920 omnia
962 878 1034 920 num
1055 859 1231 933 excutiant,
1261 881 1295 922 ac
1316 857 1429 943 prorsus
1458 863 1612 929 emundent
1643 886 1745 928 manus

138 946 242 1008 munia
255 944 424 1006 Abbatialia
441 941 547 1015 libere,
568 960 601 1001 ac
615 938 694 1002 licite
715 956 842 1002 exercete
856 938 919 1020 pos·
961 936 1024 999 suas
1052 937 1088 999 ab
1109 938 1192 1001 omni
1214 960 1332 1003 munere
1351 962 1360 1013 3
1389 939 1460 1021 quin
1482 940 1570 1004 etiam
1604 944 1745 1025 pradisiis

136 1026 219 1099 sint,
242 1025 272 1087 oe
291 1025 432 1087 valeant:
453 1021 584 1115 quodque
604 1019 704 1083 Abbas
724 1017 811 1081 semel
834 1020 918 1082 bene·
961 1016 1128 1081 Praesulibus
1149 1019 1198 1082 sub
1219 1040 1305 1102 prena
1325 1020 1468 1083 interdisii
1489 1022 1526 1085 ab
1547 1022 1597 1086 usu
1621 1022 1743 1086 Pontifi-

135 1106 228 1168 disius
248 1107 354 1168 iterum
377 1101 599 1168 benedidionem
620 1118 745 1183 petere,
768 1099 819 1164 vel
839 1099 917 1162 obti—
959 1098 1067 1161 casium
1088 1119 1137 1180 per
1166 1121 1275 1162 aunum
1307 1118 1469 1175 vetamus,
1502 1124 1535 1165 ac
1556 1104 1745 1179 inhibemus,

137 1208 204 1254 nere
224 1208 283 1249 non
306 1203 453 1257 teneatur,
473 1182 583 1244 tametsi
602 1179 917 1263 adguberniurndiver·
964 1198 1000 1243 ne
1024 1197 1086 1241 tam
1116 1197 1201 1253 ante,
1232 1200 1321 1273 quarn
1344 1181 1406 1263 post
1434 1179 1546 1243 easdem
1574 1183 1745 1246 benedidio-

139 1266 237 1330 sorum
258 1265 520 1338 Monalleriorum,
555 1262 678 1327 aliarum
698 1260 788 1325 etiam
812 1259 923 1324 Dioece·
963 1280 1041 1335 nes,
1063 1281 1219 1343 earumque
1241 1261 1367 1334 intuitu,
1390 1259 1591 1341 cuiuscumque
1612 1261 1745 1343 generis,

140 1346 223 1421 sum,
246 1346 398 1409 translatus
416 1342 571 1405 extiterit.
964 1358 1016 1402 aut
1038 1339 1139 1423 speciei
1158 1386 1168 1417 ,
1190 1341 1279 1406 etiam
1301 1340 1508 1418 bellariorum,
1532 1343 1564 1405 δι
1583 1342 1745 1406 comestibi-

179 1426 330 1502 Quoniam
350 1444 416 1489 vero
445 1421 580 1489 nonnulli
600 1445 636 1486 ex
657 1423 795 1506 praediuis
825 1422 923 1487 Abba-
966 1420 1058 1496 lium,
1083 1443 1217 1495 munera,
1242 1421 1291 1486 vel
1311 1421 1397 1485 xenia
1417 1444 1434 1484 a
1452 1442 1601 1505 quoquam
1623 1423 1747 1504 recipere

138 1507 221 1572 tibus
243 1504 457 1586 Regularibus,
489 1503 690 1586 Apostolicis,
712 1522 745 1567 ut
767 1501 922 1579 asseritur,
966 1503 1117 1574 audeant3
1148 1501 1265 1585 lllisque
1327 1519 1441 1566 raeterea
1468 1502 1590 1568 dislrisie
1622 1501 1746 1583 injungi·

142 1585 251 1649 muniti
266 1585 335 1646 ‘sunt
347 1580 526 1664 privilegiis,
548 1584 652 1664 quibus
671 1584 770 1666 ampla
792 1584 857 1667 ipsrs
870 1585 922 1646 tri·
965 1602 1049 1660 mus,
1069 1601 1103 1647 ut
1125 1583 1161 1645 ab
1180 1583 1262 1645 omni
1322 1584 1442 1649 slineant
1463 1582 1585 1648 solemni
1605 1602 1744 1667 pompa,

141 1667 240 1731 buitur
251 1663 368 1726 facultas
389 1660 558 1805 suscipiendi
571 1663 798 1730 benedisiionem
818 1684 921 1745 aquo·
963 1683 1027 1745 quae
1057 1662 1211 1746 sumptus,
1246 1664 1436 1745 quantumuis
1467 1664 1626 1737 modicos,
1657 1664 1747 1726 etiam

141 1766 281 1825 cumque,
304 1764 392 1825 quern
417 1764 447 1804 ιιι
478 1743 591 1821 uerint,
621 1744 779 1810 Catholieo
799 1745 924 1808 Amissi
965 1742 1078 1824 prandii
1102 1742 1195 1805 secum
1216 1741 1328 1815 serant,
1349 1741 1570 1815 cumejusnrodi
1591 1741 1747 1805 sacraesun·

140 1845 170 1891 te
205 1824 308 1887 fatiam
330 1822 610 1890 &communionem
623 1824 730 1887 smne
742 1825 820 1887 Sedis
840 1825 922 1906 Apo·
965 1824 1074 1885 iiiones
1094 1823 1131 1883 ab
1154 1822 1265 1883 interna
1284 1821 1430 1900 solidaque
1459 1822 1556 1912 potius
1577 1821 1745 1882 Benedicen-

140 1848 244 1969 unica
262 1905 408 1978 habente;
430 1905 495 1968 Nos
512 1903 861 1978 jonisurationabuibus
874 1903 934 1966 ad·
963 1903 1058 1975 tium,
1083 1921 1115 1963 ac
1138 1900 1395 1962 Benedicendorum
1418 1899 1583 1979 religione,
1605 1900 1636 1961 δι
1657 1899 1746 1983 pieta·

138 1985 215 2048 duni
235 1984 412 2059 rationibus,
436 2003 538 2059 motu,
561 1985 698 2060 scientia,
721 2009 754 2051 ac
774 1983 921 2069 potestatis
962 2000 1009 2056 te,
1030 1999 1119 2061 quam
1140 1982 1176 2041 ab
1197 1997 1342 2056 externa,
1364 1981 1395 2042 ἃ
1414 2001 1491 2043 vana
1513 1996 1665 2062 apparatus
1685 1998 1747 2040 ma·

140 2065 320 2150 plenitudine
341 2063 474 2147 paribus,
495 2066 663 2142 statuimus,
685 2085 772 2147 atque
792 2063 917 2128 decerni·
961 2060 1130 2145 gnificentia
1151 2060 1271 2124 debeant
1290 2060 1513 2124 commendari.

140 2168 233 2220 mus,
257 2163 290 2209 ιιι
310 2145 474 2220 hujusmodi
495 2145 623 2211 Abbates
645 2147 674 2207 in
696 2146 839 2240 posterum
860 2163 920 2206 non
1005 2142 1198 2206 Decernentes
1218 2140 1367 2282 presentes
1388 2141 1517 2216 litteras,
1538 2139 1595 2202 dre.

138 2248 157 2289 a
175 2244 359 2306 quocumque
379 2224 541 2300 Antillite,
564 2224 610 2291 sed
630 2249 648 2287 a
667 2224 837 2288 Droecesano
857 2240 921 2284 tan·
1003 2224 1078 2284 Non
1099 2222 1222 2283 obstanti
1245 2243 1277 2283 us
1298 2220 1466 2303 praemissrs,
1488 2222 1545 2282 ἃς.

140 2325 204 2370 ιιιιιι
238 2304 414 2386 Episcopo,
443 2302 489 2368 vel
519 2307 659 2365 aMetto
699 2303 820 2376 lirano,
851 2300 925 2360 insta
1006 2301 1119 2373 Quibus
1139 2302 1291 2375 omnibus,
1314 2301 1496 2381 scitopolis,
1518 2301 1576 2363 dte.

141 2384 308 2473 pradidium
337 2383 512 2452 terminum,
543 2382 643 2442 benedi
674 2382 767 2440 ‘onem
800 2378 923 2440 omnino
1006 2381 1050 2440 Ut
1069 2398 1168 2445 autem
1188 2378 1335 2463 praesentes
1355 2379 1477 2454 littera,
1500 2381 1556 2442 &c.

141 2462 277 2541 suscipere
298 2474 471 2527 teneantur3
502 2457 543 2518 Et
563 2475 703 2536 quatenus
726 2456 801 2527 ille,
832 2473 920 2536 quem
1004 2458 1090 2517 Nulli
1122 2466 1190 2538 ergo
1220 2457 1341 2521 omnino
1369 2460 1524 2523 hominum
1555 2457 1639 2522 liceat
1668 2459 1748 2542 pagi-

139 2540 240 2601 Abbas
261 2536 396 2616 elegerit,
419 2534 506 2601 tertio
528 2535 679 2598 humiliter
699 2533 848 2615 requifirus
870 2532 922 2614 ipsr
962 2555 1032 2596 nam
1054 2535 1147 2608 hanc,
1170 2538 1227 2598 &c

137 2617 261 2702 petitam
282 2614 509 2678 benedisiionem
527 2614 673 2696 impertiri
693 2614 847 2689 decresset,
869 2631 922 2677 aut
1002 2614 1113 2679 Datum
1136 2615 1239 2678 Roma
1268 2615 1344 2699 apud
1364 2618 1499 2680 Sansium
1520 2617 1639 2681 Petrum
1669 2636 1746 2680 anno

137 2699 213 2781 negli
236 2716 284 2772 at,
307 2714 393 2769 tunc,
416 2696 447 2757 or
466 2692 662 2759 eodumtaxat
682 2693 765 2770 casu,
788 2695 920 2758 eamdem
963 2694 1175 2757 incarnationis
1196 2696 1358 2760 Dominicae
1379 2697 1531 2771 millesimo
1557 2696 1748 2779 septingente-
1794 2712 1798 2721 ‘

136 2781 190 2842 ben
229 2776 364 2840 idionem
382 2797 398 2836 a
418 2794 602 2914 puocumque
620 2776 778 2838 Catholico
796 2774 920 2839 Antilli·
963 2775 1034 2838 fimo
1064 2776 1202 2857 nigeuno
1233 2777 1364 2859 quinto,
1383 2774 1488 2860 s'pridie
1519 2797 1609 2841 nouas
1638 2776 1746 2852 Maii,

139 2878 169 2922 te
191 2858 290 2922 Abbas
310 2856 396 2919 libere
430 2853 551 2937 uscipere
573 2855 676 2941 posfit,
697 2854 865 2933 derasen,
888 2875 922 2919 ac
964 2852 1154 2920 Pontificarus
1174 2857 1261 2919 nollri
1283 2876 1359 2919 auno
1379 2857 1499 2941 primo.

141 2940 191 3079 ira¹
205 2936 351 3077 perpetugp
371 2933 476 3077 ἴιιιζζιῖιάἱζ
490 2936 669 3020 temporibus
689 2935 795 3019 ubique
816 2935 922 3003 sunau
1004 2937 1038 2999 P.
1060 2937 1108 2999 M.
1129 2936 1439 3080 garginfflpmgim'·

141 3040 181 3082 vo
196 3038 296 3091 umus,
371 3036 400 3077 ιιι
476 3036 559 3082 ιιιιις.
1156 3063 1163 3081 .
1214 3040 1245 3080 ar
1276 3041 1305 3080 n.
1370 3040 1493 3084 ivenus.

182 3099 327 3161 Caeterum
342 3094 480 3167 ejusmodi
492 3098 607 3162 indulta
622 3097 789 3181 exemptiva
800 3101 837 3163 ab
850 3096 922 3163 obli·
1045 3101 1110 3179 Veste
1121 3098 1156 3159 de
1169 3103 1333 3179 CuriaJ.C.
1347 3099 1567 3184 Archiepiscopus
1576 3102 1744 3179 Amasenus.

144 3177 269 3271 gatione·
282 3174 448 3269 suscipiendi
462 3178 687 3243 benedidionem
697 3202 713 3241 a
723 3181 842 3263 proprio
856 3181 926 3265 Epi·
968 3180 1049 3244 Ioco
1069 3180 1106 3256 01⁴
1131 3180 1264 3242 Plumbi.

145 3260 230 3341 scopo
262 3255 320 3318 rllrs
349 3256 502 3320 dumtaxat
534 3260 724 3334 Abbaribus,
758 3261 862 3341 quibus
890 3266 928 3328 ab
1491 3266 1525 3325 L.
1548 3266 1744 3326 nonianus.

140 3336 312 3421 Apostolica
331 3336 400 3400 Sede
432 3336 536 3401 ditesle
557 3340 684 3403 concessa
704 3340 813 3405 fuerant
841 3343 924 3416 juxta

143 3419 262 3482 modum
284 3415 367 3509 supra
386 3418 570 3498 expressurus,
594 3418 806 3502 suffragentur:
840 3424 920 3487 Reli·
1002 3422 1133 3486 Abbates
1153 3418 1283 3486 Ecclesia
1304 3422 1460 3499 secularis,
1482 3422 1513 3484 δι
1533 3422 1569 3484 ab
1587 3418 1743 3484 ordinario
1768 3446 1805 3487 ιο

144 3500 208 3580 quis
228 3514 325 3591 aretem
340 3497 521 3592 abbatibus,
542 3498 593 3580 qui
614 3522 646 3562 ea
660 3523 693 3563 ex
716 3500 838 3581 generali
858 3521 921 3566 tan·
963 3520 1123 3585 exempta,
1145 3525 1177 3566 ac
1199 3505 1261 3567 Sedi
1274 3501 1447 3584 Apostolicae
1468 3500 1636 3564 immediate
1656 3500 1744 3571 subje-

144 3597 208 3641 tum
229 3577 451 3655 anrlegrorunr
473 3577 539 3641 aliis
558 3580 736 3654 Ordinibus,
760 3581 921 3666 Congregn-
963 3584 1014 3644 uae
1034 3582 1115 3645 usum
1136 3584 1238 3648 Mittae
1259 3584 1411 3656 habentes,
1434 3580 1503 3643 dum
1525 3579 1555 3642 in
1578 3579 1627 3644 sua
1646 3577 1744 3642 Abba·

146 3657 291 3731 tionibus,
313 3658 359 3720 vel
383 3658 523 3722 lnslitutis
543 3659 736 3722 concedomm
758 3666 921 3727 communi·
954 3662 1028 3725 tiali
1052 3661 1178 3727 Ecclesia
1209 3662 1258 3725 sibi
1288 3665 1374 3745 pleno
1405 3665 1465 3733 jure
1485 3660 1607 3735 subjeue
1635 3659 1743 3723 divinis

143 3739 258 3800 catione
288 3737 336 3799 srbi
368 3759 531 3820 competere
561 3742 768 3822 praetendunt,
801 3743 921 3808 minime
964 3740 1131 3807 solemniter
1151 3742 1310 3815 intersunt,
1333 3738 1443 3824 possunt
1464 3738 1577 3804 absente
1598 3739 1744 3822 Episcopo

145 3817 288 3901 suffragari
308 3818 400 3901 posse,
424 3841 474 3882 nec
493 3820 592 3885 debere
606 3821 802 3899 decernimus,
824 3824 855 3885 &
876 3827 923 3888 de·
966 3818 1031 3886 suos
1051 3821 1217 3887 Canonicos
1246 3823 1380 3884 assumere
1401 3819 1435 3881 ad
1456 3822 1505 3884 fibi
1536 3818 1741 3896 assiliendum,

143 3898 305 3962 claramus.
965 3906 996 3968 &
1025 3902 1155 3967 eamdem
1192 3903 1221 3965 in
1251 3924 1299 3966 eos
1327 3898 1550 3975 jurisdictionem
1585 3919 1741 3973 exercere,

188 3982 258 4072 Quo
272 4000 359 4072 ,vero
378 3980 415 4043 ad
433 3980 592 4059 Abbates,
621 3980 723 4065 quibus
743 4005 761 4044 a
782 3984 924 4049 Romanis
963 4002 1051 4064 quarn
1074 3982 1233 4067 Episcopus
1252 3998 1395 4045 exerceret
1414 3979 1444 4043 in
1466 3979 1547 4044 suos.
1569 3986 1744 4063 Sancmgr.

143 4057 333 4122 Pontificibus
363 4062 607 4128 prodecessoribus
636 4065 747 4126 Nostris
778 4065 921 4129 indultum
965 4069 1083 4126 Riruum
1104 4070 1133 4127 in
1154 4088 1209 4126 una
1227 4062 1467 4127 Alexandrinas.
1489 4066 1568 4123 Petri
1595 4065 1626 4123 in
1646 4067 1744 4140 Berge

143 4139 219 4214 suit,
243 4158 275 4202 ut
297 4139 388 4203 asnis
409 4144 606 4227 Superioribus
627 4142 842 4225 Regularibus,
874 4146 921 4211 vel
964 4144 1002 4207 sio
1022 4166 1050 4222 7.
1067 4144 1209 4207 Februarii
1222 4149 1307 4219 1604.
1456 4200 1466 4217 ,

143 4221 179 4283 ab
198 4240 298 4282 eorum
314 4221 440 4285 Prolatis
460 4223 613 4305 delegatis,
633 4224 859 4289 benedictionem
879 4226 922 4290 su·
1004 4226 1160 4299 Abbates,
1190 4226 1221 4288 or
1250 4225 1301 4287 alii
1320 4226 1521 4303 quicumque,
1556 4218 1742 4305 quantumvis
1765 4242 1798 4284 21

145 4321 220 4364 mete
241 4298 366 4382 possint:
387 4303 433 4367 vel
456 4304 543 4367 etiam
565 4322 614 4386 per
635 4303 753 4387 speciale
774 4306 922 4370 indultum
963 4308 1109 4388 exempti,
1132 4302 1412 4377 intrafinesalicujus
1427 4303 1560 4368 Dioecesrs
1574 4301 1739 4376 exilientes,

144 4381 343 4464 Apostolicum
365 4384 621 4480 concessumtfuit,
643 4403 675 4448 ut
697 4385 778 4448 elerii
799 4384 921 4480 habenu-
963 4388 1072 4449 etiamst
1094 4385 1212 4450 Nullius
1233 4386 1391 4457 Dioecesrs,
1413 4384 1460 4478 vel
1482 4380 1607 4477 exempti
1627 4379 1680 4443 esse
1699 4382 1741 4473 di3

143 4462 593 4610 ιιιιιιιιιιιιιιι
612 4466 924 4622 {reuulsus
965 4547 1184 4627 a,
1204 4466 1331 4609 ullu
1344 4465 1483 4617 suu,
1498 4480 1741 4613 ιιιιιιιι

148 4624 337 4707 Αροῃοιῑω,
357 4626 461 4708 quibus
480 4627 621 4710 gaudent,
645 4626 798 4711 privilegia
818 4627 923 4712 ubique
963 4629 1098 4691 Minores
1126 4626 1249 4690 Ordines
1281 4624 1436 4764 cpnfepre.
1473 4622 1605 4703 Erpesi'e
1616 4619 1739 4755 wipped.
1779 4689 1790 4711 ι
