4025 5284
629 131 923 237 nuntrott,
964 131 1318 218 subitonus.
1638 168 1714 254 341
1818 219 1822 224 ,

96 235 134 325 ςί
161 261 324 312 reuocata.
347 245 388 309 Et
403 243 431 304 in
441 239 565 316 casibus,
589 238 620 302 in
630 242 735 337 quibus
745 244 876 309 Auditor
888 245 944 309 Ca·
986 243 1126 309 Officium
1145 290 1154 319 ‚
1176 247 1206 308 δι
1227 243 1382 340 Obligatio
1403 243 1461 309 late
1482 249 1615 316 {Intuitur
1647 260 1768 325 alono.

160 348 248 392 mera
261 328 361 412 *potest
380 321 588 405 appellationes
597 342 721 407 recipere
741 345 759 387 a
779 323 944 404 sententiis,
986 327 1088 388 XXII.
1100 326 1130 388 in
1152 327 1368 391 Conslitutmne
1394 349 1440 404 14.
1460 325 1549 414 incip.
1571 337 1656 397 Ratio
1668 344 1771 418 Juris,

163 409 196 473 δι
216 405 429 491 gravaminibus
450 402 639 467 Prolatomm
661 406 867 487 Regularium,
887 408 945 472 suit
986 407 1162 470 aMartioo
1184 409 1223 468 V.
1247 406 1277 468 iu
1300 407 1458 472 Conslitnr.
1481 430 1509 490 3.
1532 410 1677 495 incipio
1697 425 1785 498 Apo·¹

160 492 198 554 ab
219 485 315 553 eadem
337 487 421 549 Sacra
440 485 675 567 Congregatiottc
698 486 798 550 habita
824 491 873 553 die
896 511 943 565 tp.
979 488 1106 567 delicie,
1128 488 1165 550 ab
1184 487 1285 551 eodem
1307 489 1443 568 Manno
1475 490 1504 552 iu
1525 492 1650 556 Conslir.
1675 517 1703 576 5.
1727 498 1769 559 in-

151 574 232 649 Julii
250 566 373 651 ejusdem
392 569 460 629 anrri
484 573 572 646 1⁶50.
595 567 790 644 deciaratum,
812 586 845 632 ut
863 569 943 632 inhi-
985 570 1044 651 cip.
1066 574 1208 644 Romani,
1231 590 1249 631 a
1269 568 1353 632 Sixto
1375 569 1430 631 IV.
1443 571 1472 631 tn
1494 571 1616 636 Conslit.
1634 596 1661 637 2.
1683 576 1740 641 inci
1763 620 1772 641 .

160 651 283 714 bitioues
305 649 429 711 minime
451 648 612 725 decernat,
643 669 695 713 nec
726 649 872 714 Praesedlus
900 651 943 712 Si·
985 654 1108 713 Romani
1140 649 1315 725 Pontificis,
1354 649 1391 712 ab
1423 652 1594 717 Innocentio
1628 655 1718 719 VIII.
1741 681 1771 720 tn

161 749 285 814 goatura
307 731 319 802 J
326 731 427 793 ullitiae
447 730 496 791 det
515 727 730 793 commisfiones
753 773 762 807 ‚
794 730 846 793 nist
867 731 945 816 prius
986 729 1112 792 eonmr.
1128 735 1157 792 6.
1181 730 1267 813 incip.
1280 732 1504 812 Circumspeiia,
1526 755 1544 795 a
1565 733 1656 798 Paulo
1677 736 1718 797 V.
1741 740 1773 801 in

158 812 248 876 citato
270 813 460 876 Ptocuratore
480 808 600 872 Ordinis
613 845 626 871 ι
657 812 727 874 Haec
749 834 782 875 er
806 812 944 895 Fagnano
986 809 1111 875 eonstir.
1125 832 1176 886 71.
1201 811 1289 893 incip.
1314 813 1467 890 Univerfi‚
1498 816 1546 875 rit.
1573 815 1609 876 de
1637 817 1772 881 Andirere

156 896 512 1039 I‘Itrlzltlnt
534 891 827 1054 sibisibi?
844 894 944 1036 ‘miii
986 891 1285 1052 dissidii?
1304 892 1629 1058 biniiidliiiiii‘
1650 897 1772 1044 epp

805 1019 815 1050 ι
931 1010 943 1023 ·
1104 1018 1111 1034 ·
1169 1015 1177 1032 ·
1362 1017 1370 1034 ·
1474 1019 1481 1035 ·
1866 1009 1870 1018 ”

158 1073 215 1121 var
243 1071 354 1119 attente
384 1051 629 1117 Conliitutionem
665 1053 818 1138 septimam
855 1056 943 1118 Inno-
986 1053 1162 1116 innocentio
1182 1054 1255 1115 XII.
1276 1052 1305 1113 in
1320 1054 1426 1117 Consi,
1447 1056 1535 1139 incip.
1551 1023 1697 1122 Audiieres
1715 1066 1771 1123 Ro·

156 1135 249 1199 centii
270 1135 362 1198 VIII.
383 1135 473 1217 incip.
494 1138 652 1217 Apprime,
684 1135 860 1218 trigesimam
889 1151 944 1198 ter·
985 1153 1038 1196 te.
1058 1135 1102 1197 =Et
1123 1154 1222 1198 eorum
1246 1135 1559 1200 Locumtenentesnon
1578 1140 1692 1221 possunt
1708 1163 1768 1207 ma·
1792 1167 1830 1228 59

155 1219 233 1279 tiam
255 1215 301 1278 Pii
324 1217 381 1278 IV.
405 1215 564 1296 incip-Ad
583 1219 722 1291 Eximit,
744 1216 944 1300 quinquagesi-
987 1214 1117 1279 oisellare
1137 1233 1209 1280 vota
1230 1213 1309 1291 sua,
1342 1216 1389 1280 vel
1421 1214 1535 1280 suorum
1557 1221 1770 1293 coadjutorum

156 1318 241 1362 mam
264 1294 373 1360 sextam
395 1293 518 1370 eiusdem
541 1298 630 1380 incip.
655 1302 730 1361 Inter
749 1300 943 1381 multiplices,
987 1297 1093 1372 alicui,
1110 1296 1243 1379 exceptis
1261 1297 1560 1372 Locomtenentibus,
1592 1301 1623 1363 ἃ
1644 1303 1768 1376 Coadju.

157 1376 342 1445 centesimam
366 1377 485 1441 tertiam
506 1376 649 1440 decimam
672 1379 700 1439 S.
725 1378 770 1440 Pii
790 1381 831 1441 V.
855 1379 941 1459 incip.
985 1377 1113 1453 toribus,
1134 1398 1189 1441 nec
1209 1376 1368 1461 patefacere
1421 1378 1518 1441 uiuam
1547 1400 1582 1441 ex
1611 1380 1695 1444 sociis
1716 1406 1767 1447 vo

157 1466 235 1525 Inter
254 1458 324 1532 ille,
348 1458 516 1540 vigesrmam
538 1457 672 1522 osiacum
695 1458 777 1521 Pauli
799 1462 839 1522 V.
852 1458 942 1539 incip.
984 1475 1049 1521 tum
1071 1458 1199 1534 dederit,
1222 1459 1268 1524 vel
1290 1479 1368 1536 non,
1398 1398 1450 1521 sub
1480 1479 1568 1543 poena
1589 1462 1769 1529 Excommu·

157 1543 278 1605 Eximiae
295 1538 468 1616 lideliraris,
501 1540 533 1601 δι
562 1536 796 1622 septuagefimam
817 1540 944 1622 primam
985 1538 1143 1603 nicationis
1164 1538 1229 1603 larae
1249 1539 1410 1614 sententie,
1432 1560 1449 1601 a
1469 1561 1528 1622 qua
1558 1543 1677 1607 anullo
1706 1544 1770 1628 pos-

157 1621 283 1699 cjusdem
299 1620 394 1715 incip.
416 1619 571 1701 Universi,
601 1622 647 1680 tir.
669 1617 705 1678 de
733 1620 867 1682 Andirore
886 1625 944 1684 Ca·
985 1617 1052 1682 sunt
1073 1618 1204 1695 absolvi,
1226 1640 1357 1703 nequea
1382 1619 1495 1683 summo
1525 1621 1769 1703 poenitentiario,

157 1725 254 1780 mere,
278 1703 308 1765 in
351 1701 433 1776 orbus
453 1698 516 1764 suut
537 1699 639 1763 omnia
659 1700 793 1777 statuta,
825 1721 889 1785 quac
908 1700 945 1765 ad
985 1721 1079 1782 neque
1101 1721 1152 1785 pet
1173 1701 1265 1764 ullum
1286 1700 1465 1777 anilenrn,
1488 1718 1537 1765 aot
1560 1702 1673 1767 Bullam
1695 1706 1769 1771 Crn·

158 1782 293 1871 ipsums
390 1799 425 1844 t.
985 1781 1085 1854 tiata,
1109 1802 1201 1863 neque
1221 1781 1251 1843 in
1271 1800 1350 1844 anno
1370 1782 1492 1857 Saudo,
1513 1780 1561 1846 sed
1583 1805 1600 1846 a
1622 1785 1682 1849 solo
1717 1789 1770 1852 Pa·

94 1875 138 1947 '52
201 1865 361 1932 Auditores
383 1863 467 1926 Rotae
487 1862 638 1928 duodecim
668 1864 720 1928 esse
740 1864 874 1938 debem,
907 1863 943 1926 ad
1004 1885 1041 1935 a,
1061 1859 1324 1924 Urban.VIII.>in
1344 1862 1532 1926 cit.Conslir.
1550 1866 1677 1947 reponi.
1701 1867 1767 1932 Pos-
1789 1873 1829 1932 60

158 1948 242 2012 isium
276 1964 428 2010 numerum
460 1943 496 2006 stc
533 1945 637 2009 redacti
665 1967 685 2008 a
713 1946 796 2009 Sixto
831 1944 887 2005 IV.
911 1944 941 2006 in
983 1881 1048 2006 bunt
1069 1963 1139 2006 vero
1159 1940 1296 2022 affigrate
1316 1943 1363 2005 vel
1385 1942 1541 2023 significate
1562 1944 1764 2025 difficultates,

93 2046 133 2107 53
158 2030 257 2093 Consi.
279 2048 306 2089 ι.
330 2025 387 2089 ioci
411 2070 419 2086 .
441 2030 562 2089 Romani
581 2023 748 2102 Pmtr'firie.
770 2026 811 2106 Et
831 2025 940 2089 exiliis
981 2022 1097 2086 motiva
1111 2067 1119 2097 ,
1134 2023 1174 2084 -bc
1194 2022 1337 2097 rationes,
1359 2022 1398 2085 ob
1417 2043 1488 2104 quas
1515 2023 1607 2088 dilata
1634 2029 1673 2090 est
1694 2029 1767 2092 reso

157 2132 229 2174 mus
250 2109 334 2173 debet
355 2045 409 2170 etti
427 2107 608 2184 Germanus,
632 2127 704 2171 unus
722 2105 845 2182 Gallus,
867 2125 940 2169 unus
979 2101 1108 2166 lutioin
1127 2102 1226 2197 aliqua
1245 2099 1355 2178 causa,
1388 2102 1482 2172 tacito
1517 2122 1617 2170 tamen
1647 2111 1769 2173 nomine

156 2189 304 2274 Hispanus
324 2211 359 2251 er
381 2189 501 2251 Corona
521 2187 650 2252 Castalia
670 2233 679 2264 ,
702 2209 775 2252 unus
794 2183 940 2270 Hispanus
980 2205 1101 2261 eorum,
1133 2204 1184 2267 qut
1216 2183 1280 2247 illas
1309 2182 1480 2258 adducunt3
1508 2186 1644 2251 Urbanus
1675 2191 1766 2264 VIII.

154 2294 191 2335 ex
221 2273 339 2352 Corona
368 2269 551 2348 Aragouioe,
584 2289 657 2332 untes
687 2271 835 2345 Venetus,
867 2288 942 2332 unus
981 2264 1123 2329 ibidem.
1157 2264 1336 2358 Auditorum
1367 2266 1451 2329 Rota
1482 2267 1666 2344 Adiutores,
1696 2271 1767 2335 Ma·
1789 2275 1825 2334 61

157 2349 402 2424 Mediolanenses,
426 2370 498 2413 unus
520 2349 724 2426 Bononiensis,
747 2371 819 2413 unus
841 2348 941 2415 Petrae
983 2347 1128 2421 nuenses,
1150 2345 1181 2409 bt
1196 2344 1254 2409 alii
1296 2366 1325 2408 ιιι
1347 2342 1438 2409 sciunt
1460 2347 1617 2424 tranans,
1639 2350 1671 2412 bt
1691 2351 1769 2416 caus·

92 2445 133 2514 '54
157 2432 274 2507 riensts,
296 2452 368 2494 unus
387 2428 540 2507 Tuscbus,
563 2431 672 2494 &tres
701 2429 849 2493 Romani.
881 2430 942 2493 Au-
984 2427 1048 2500 sas,
1082 2426 1252 2492 subendam
1320 2423 1401 2489 usura
1433 2443 1566 2493 tenentur
1585 2428 1705 2507 celare,
1736 2434 1770 2494 bt

152 2511 264 2575 ditores
284 2514 368 2574 Rota
390 2510 420 2572 in
442 2531 542 2573 eorum
562 2510 676 2591 origine
697 2511 872 2595 erantCap'
891 2510 942 2573 lia·
981 2506 1058 2573 nulli
1079 2507 1263 2592 patesaceret
1285 2508 1418 2571 Urbanus
1439 2511 1530 2572 VIII.
1552 2509 1674 2573 ibidem.
1705 2514 1768 2576 Au·

157 2590 192 2654 ni
212 2591 324 2653 Summi
345 2589 520 2664 Pontificis,
551 2591 655 2670 quibus
690 2591 779 2655 ctiam
808 2610 858 2656 ute
878 2609 943 2656 atur
984 2591 1092 2655 dnores
1114 2592 1216 2666 Rota,
1238 2593 1500 2668 Locumtenentes‚
1525 2592 1684 2666 Adiutores
1713 2594 1768 2658 sitt-

158 2691 213 2814 pto
232 2670 332 2733 &ndis
353 2666 487 2750 responsis
508 2670 537 2730 io
560 2670 649 2732 variis
669 2670 771 2734 cauffie
790 2716 800 2747 ,
818 2674 853 2735 bt
867 2691 942 2764 ptae·
985 2671 1026 2728 dii
1046 2671 1104 2730 &c
1119 2687 1252 2734 tenentur
1272 2671 1399 2751 presiate
1411 2673 1625 2745 juramentum,
1648 2673 1679 2734 δι
1696 2693 1770 2812 pua·

170 2754 257 2817 ettim
291 2749 507 2813 Beneficialib'us
537 2749 574 2812 ad
603 2747 704 2812 sedern
739 2749 942 2832 Apossohcam
984 2746 1034 2809 le?
1064 2748 1175 2809 Urban.
1186 2749 1278 2810 VIII.
1300 2747 1432 2823 ibidem,
1464 2750 1495 2812 δι
1521 2750 1693 2820 JoannesX
1722 2754 1767 2816 tt.

157 2833 310 2904 dedulbs,
342 2832 373 2893 δι
403 2828 466 2894 sunt
487 2828 570 2912 plura
601 2828 729 2972 ipsorum
761 2827 891 2913 responsa
913 2829 942 2891 in
984 2826 1088 2891 incit.
1111 2828 1456 2909 Comissationes.

89 2925 132 2998 '55
156 2911 357 2980 Decretalibus
390 2909 536 2990 regisirata
563 2956 571 2973 .
636 2907 807 2973 rescentibus
843 2928 942 2975 autem
1022 2907 1187 2974 Auditores
1208 2910 1291 2972 Rota
1311 2908 1485 2991 accipientes
1516 2913 1635 2996 aliquod
1661 2933 1770 2981 munus
1790 2923 1831 2981 bc

157 2994 262 3061 exinde
280 2991 381 3054 causfis
409 2989 600 3066 decidendis,
630 2990 789 3064 maioribus
819 2992 945 3071 negotiis
985 3011 1004 3052 a
1025 2989 1160 3053 Notariis
1181 2991 1293 3053 ratione
1313 2989 1413 3051 Officii
1434 3035 1442 3063 ,
1466 2990 1573 3058 scilicet
1593 2997 1663 3078 quia
1683 3016 1769 3062 utrm·

153 3073 241 3161 pressi
261 3072 376 3135 Summi
398 3069 569 3145 Pontifices,
592 3089 682 3133 uuum
704 3071 847 3132 Tribunal
869 3070 944 3155 ipso-
986 3089 1036 3133 tur
1057 3071 1141 3154 ipfis,
1165 3071 1312 3134 incurrunt
1334 3071 1707 3156 Ercommuuicationem,
1738 3081 1771 3143 ἃ
1824 3097 1827 3106 “

154 3175 222 3221 rum
244 3153 491 3236 Cappellanorum
513 3169 662 3215 erexerunt
677 3172 730 3235 pro
741 3150 879 3214 decisione
901 3171 945 3215 ta·
986 3169 1122 3215 tenuitur
1141 3152 1177 3214 ad
1197 3151 1408 3215 restimrionem
1432 3152 1460 3212 in
1484 3153 1572 3236 dupio
1594 3161 1769 3235 erogandam

156 3237 233 3300 liurn
254 3235 432 3306 causIarum5
454 3235 486 3296 δι
507 3253 573 3296 cum
597 3231 641 3293 ilii
662 3232 874 3314 nominePapae
894 3233 946 3305 Jus
986 3231 1182 3316 Pauperibus..
1205 3233 1303 3295 Intmo
1325 3233 1484 3297 Auditores
1504 3236 1590 3299 Rotae
1620 3237 1694 3300 nihil
1725 3260 1766 3303 re·
1789 3245 1826 3321 ⁶3

155 3318 315 3391 dicerent,
347 3336 380 3377 ac
410 3314 503 3378 veluti
524 3317 583 3396 nn
605 3313 820 3394 Vicesgerenrea
839 3313 949 3394 causbet
984 3315 1080 3398 cipere
1142 3315 1213 3378 dunt
1234 3336 1326 3397 neque
1347 3333 1397 3398 per
1418 3313 1463 3390 se,
1485 3335 1578 3398 aeque
1607 3338 1658 3401 per
1677 3319 1770 3385 aliurn

155 3398 190 3462 iu
219 3397 333 3461 Palatio
365 3391 548 3476 Apodolico·
567 3393 749 3471 delinirent,
783 3395 941 3462 Auditores
984 3335 1154 3480 apartibiis
1174 3397 1369 3478 litigantibus,
1392 3394 1438 3460 vel
1460 3415 1511 3478 per
1534 3401 1695 3476 Notarios,
1718 3419 1772 3465 aut

96 3483 138 3561 56
158 3480 237 3542 Sacri
267 3476 372 3540 Palatii
409 3474 573 3558 Apostolici
598 3474 667 3538 sunt
699 3476 836 3560 appeliati
860 3522 867 3539 .
899 3479 941 3541 Et
982 3478 1056 3541 alios
1078 3499 1131 3574 pro
1153 3477 1279 3553 iisdem,
1301 3497 1353 3541 nec
1374 3477 1464 3539 etiam
1486 3498 1538 3560 pro
1555 3479 1684 3562 sigilio,
1717 3498 1769 3546 ant

156 3558 343 3705 {pnrstpanssae
378 3578 428 3701 ppt
462 3575 580 3619 turnum
610 3557 751 3639 eruperint
780 3559 940 3622 examinari
982 3561 1133 3635 rubricis,
1169 3559 1232 3622 rel·
1247 3557 1307 3620 alio
1337 3558 1454 3636 qualite
1482 3560 1610 3633 colote3
1644 3561 1771 3631 loannes

215 3664 224 3703 ι
258 3661 323 3704 sm
343 3661 377 3703 or

155 3720 238 3784 sesstrs
258 3720 425 3783 orbicularis
445 3717 501 3782 brit
521 3718 572 3783 suo
592 3718 774 3795 TribunaII,
808 3720 855 3784 seu
878 3724 939 3784 Au·
982 3722 1013 3782 in
1035 3722 1086 3783 tit.
1109 3718 1232 3781 Conslir.
1257 3723 1290 3781 ln
1319 3720 1507 3801 Apostolieae.
1538 3721 1638 3784 Solent
1669 3739 1766 3787 tamen
1788 3723 1828 3800 64

155 3802 268 3868 ditorio
287 3822 395 3865 nomen
419 3805 495 3862 Rorae
515 3800 677 3876 audinum,
700 3801 938 3883 stipantum,
981 3802 1019 3864 ab
1040 3801 1097 3863 illis
1117 3799 1206 3895 recipi
1228 3819 1348 3865 munera
1368 3800 1498 3885 quedam
1519 3799 1605 3864 solita
1638 3823 1692 3886 pro
1713 3806 1768 3869 Fe·

155 3881 475 3966 utintprtesemiamm,
499 3881 656 3944 Auditores
670 3882 753 3945 Rota
775 3881 839 3946 sunt
860 3904 939 3946 com·
981 3883 1030 3945 liis
1053 3881 1227 3956 marannis,
1249 3885 1280 3945 tr
1300 3881 1425 3946 Kalend.
1448 3882 1592 3963 Augusti,
1615 3903 1678 3977 qnae
1700 3884 1769 3950 mit-

155 3964 290 4029 munirer
306 3963 444 4047 appellati
466 3986 475 4032 ι
495 3963 623 4026 Vellrius
636 3967 673 4025 in
688 3966 772 4045 prasi
784 3971 858 4026 cm.
883 3970 938 4028 Ro-
981 3980 1083 4027 tuntut
1104 3985 1123 4024 a
1144 3962 1343 4040 Principibus,
1366 3960 1492 4044 aliisque
1508 3982 1578 4026 nota
1608 3963 1703 4047 dignis
1733 3966 1768 4028 li·

157 4069 246 4108 manae
271 4046 328 4107 lib.
346 4067 373 4107 a.
404 4062 463 4128 cap.
482 4065 527 4122 17·
551 4046 636 4108 Petra
669 4048 701 4107 eir
726 4044 873 4121 Conditus.
895 4068 938 4123 ¹4·
985 4044 1144 4127 rigantibus
1164 4061 1182 4114 ι’
1195 4044 1362 4106 munuscula
1381 4043 1456 4106 diua
1476 4066 1508 4108 ex
1529 4044 1655 4126 quadam
1688 4048 1769 4112 inve·

100 4147 139 4209 57
153 4135 237 4211 Jem.
251 4131 355 4191 XXII.
377 4146 451 4187 me.
473 4126 503 4187 δι
525 4124 592 4188 alii.
615 4125 657 4187 Et
692 4127 796 4190 borum
819 4125 942 4191 Audito-
985 4143 1081 4190 terata
1101 4124 1305 4190 consuetudine
1327 4125 1355 4185 in
1389 4124 1558 4201 uniformi,
1592 4127 1769 4192 invariabili·

158 4231 222 4274 rum
245 4256 255 4284 ,
290 4208 337 4272 seu
358 4209 443 4270 Rota
463 4208 602 4269 Romana
623 4206 775 4272 decifiones
794 4204 859 4270 sunt
880 4224 942 4270 tan·
982 4228 1041 4289 que
1061 4204 1119 4269 sere
1136 4225 1219 4270 certa
1237 4208 1401 4288 quantitate
1423 4207 1451 4267 in
1473 4206 1579 4280 cereis,
1603 4212 1700 4291 parvis
1720 4232 1768 4291 pa·

158 4309 194 4355 ta
215 4286 462 4362 existimationis,
493 4289 572 4367 quod
602 4290 760 4371 praevalent
793 4289 942 4351 communi
984 4288 1068 4350 nibus
1089 4286 1219 4364 saccari,
1242 4286 1359 4371 pullis,
1391 4286 1437 4351 seu
1456 4290 1529 4354 rino
1560 4289 1641 4351 mitti
1664 4288 1766 4365 solita,
1822 4315 1825 4322 ⁴

156 4371 308 4455 opinioni,
332 4367 483 4432 secundum
507 4368 635 4431 Imolant
656 4376 687 4433 in
708 4387 769 4453 cap.
787 4389 811 4431 r.
828 4372 863 4431 de
883 4374 942 4433 Lir.
984 4388 1017 4430 ur
1046 4369 1080 4431 de
1108 4369 1183 4450 stylo
1215 4371 1331 4432 testatur
1352 4367 1438 4431 Card.
1461 4369 1495 4432 de
1526 4371 1603 4432 Luca
1633 4370 1665 4432 di
1677 4394 1701 4431 c.
1717 4391 1765 4450 32·

157 4453 262 4531 centeii.
276 4452 317 4526 ¹&
346 4452 519 4532 fagnanum
547 4455 577 4514 ier
606 4469 664 4535 cap.
687 4459 762 4515 Crem
779 4451 943 4532 veniffem3
984 4473 1060 4512 num.
1079 4474 1123 4511 ὀ.
1138 4456 1169 4512 in
1190 4452 1319 4513 retenone
1339 4456 1469 4514 Romane
1489 4454 1599 4524 Curr'e,
1621 4471 1682 4532 quac
1703 4472 1768 4513 mu·

157 4531 333 4614 deJudr'eiis
350 4559 379 4595 n.
394 4555 442 4615 32.
985 4528 1102 4592 nuscula
1124 4530 1216 4596 solent
1238 4534 1325 4596 etiarn
1346 4532 1432 4598 mitti
1444 4531 1624 4607 Advocatis,
1638 4533 1677 4593 dt
1698 4533 1766 4593 Pro-

95 4634 140 4701 53
195 4615 380 4762 rAifflirorarp
409 4616 495 4684 Rota
522 4613 717 4698 Jurisdidlio,
746 4615 942 4693 samnitas,
985 4613 1163 4680 curatoribus
1182 4634 1234 4699 per
1252 4612 1564 4757 litigmtes,Yquaeque
1587 4610 1631 4678 uti
1653 4609 1768 4675 consue-

273 4715 331 4763 ort.
372 4740 380 4763 .
456 4703 463 4722 ‘
1497 4716 1513 4780 3
1697 4711 1730 4757 ta

414 3659 444 3698 m
465 3636 651 3713 sedentibus,
683 3660 717 3701 ex
748 3637 838 3721 figura
871 3661 940 3706 con·
982 3640 1127 3702 xx·11.r'n
1146 3637 1308 3702 ciaconii.
1321 3642 1407 3699 Ratio
1423 3641 1514 3722 jurei,
1536 3640 1567 3703 bt
1588 3640 1715 3705 Martin.
1727 3645 1768 3706 V.
