4025 5284
411 108 1519 222 nacnrurrscorumnrmrrr.
1622 130 1709 236 299‘

155 233 248 302 quam
268 218 378 288 latina
397 221 536 310 rece-tis,
565 219 681 287 consule
709 220 942 301 Thomaiinum,
983 221 1176 290 tholomaeum
1195 224 1355 294 Monachis
1383 227 1580 298 Befilieulibus
1612 237 1765 320 praefiden.

154 302 209 382 qui
231 321 327 368 totam
361 325 421 368 rem
456 239 532 400 ipse,
562 303 595 364 dr
627 301 736 399 erudite
764 302 943 389 persequitur
983 304 1053 400 dum
1082 305 1165 370 duxit
1194 305 1244 373 sub
1272 308 1393 389 nomine
1427 310 1702 396 Archimsndritae,
1732 321 1766 385 dr

156 386 217 445 Ver.
242 385 281 447 (a
302 388 376 448 Mo.
398 385 498 467 eliscrp.
517 400 593 463 part.
607 403 633 446 r.
655 382 708 446 Ιώ.
720 405 748 446 2.
767 401 828 468 cap·
842 384 940 468 59&
982 385 1085 451 ertnde
1105 387 1220 482 Regum
1240 388 1441 456 munificentia
1463 390 1493 454 in
1514 391 1637 470 Sicilia,
1659 399 1690 459 δι
1709 403 1768 466 Ca.

150 461 230 544 seqq.
253 467 337 546 aspere
353 465 394 527 ad
416 486 464 548 57.
486 463 569 528 Adde
597 462 774 550 Van-Espen
823 488 865 528 rer.
888 468 940 528 Be·
981 465 1074 530 labris
1094 470 1183 532 variis
1203 471 1308 546 rueris,
1331 471 1363 532 δι
1392 463 1588 538 satis”ditatis
1617 475 1767 545 Mortalis·

156 544 219 623 eles.
242 548 371 638 linivers.
389 563 467 632 part.
487 567 513 608 r.
535 549 583 607 tir.
601 565 650 624 19.
660 562 720 627 rap.
734 568 762 627 5.
846 545 939 611 Bolte·
980 547 1032 610 riis
1052 547 1175 621 ejusdcm
1195 551 1334 626 Ordinis,
1357 569 1458 615 omnes
1477 574 1580 618 eorum
1612 556 1762 639 Abisares,

156 644 227 688 mer.
248 649 279 687 or
298 626 401 690 decret.
421 623 475 691 lib.
501 629 585 690 meir.
597 625 627 687 8.
631 643 745 720 perros.
765 628 818 710 qui
837 645 939 692 tamen
979 625 1028 689 seu
1048 626 1154 692 locales
1173 630 1339 715 Superiores
1360 631 1606 700 Archimandrite
1634 635 1765 713 subjicie-

155 721 236 769 raute
255 706 295 770 eil
316 706 472 790 legendum
501 707 532 767 in
574 705 654 769 rimrs
681 725 779 770 autent
809 706 938 773 eruditis·
978 707 1104 782 bantur,
1126 707 1209 790 eique
1230 711 1347 808 ungulis
1367 712 1451 775 anuis
1471 713 1518 777 die
1540 718 1568 778 6.
1590 715 1714 813 Aupulli
1735 720 1767 783 iu

111 815 115 822 ·
155 786 256 848 limam
269 725 937 867 Differrarinnemllr'dorimcanonr'camdePal·
978 788 1065 850 Pelio
1085 790 1114 851 S.
1136 790 1295 857 Salvatons
1324 811 1393 855 cum
1422 789 1479 856 suis
1509 794 1669 862 Monachts
1697 799 1765 865 obe.

153 866 191 929 lio
210 866 353 937 lobannis
374 867 496 952 Gaspari
518 866 652 944 Barthel,
682 868 855 951 Herbipoli‚
888 867 935 934 seu
974 866 1116 932 dientiam
1136 873 1325 952 praestabant.
1348 870 1552 939 Vicilsttudine
1573 893 1672 942 tamen
1686 896 1803 971 temp

150 948 253 1042 potius
272 949 394 1026 Rome,
416 969 494 1012 anno
530 969 630 1043 ¹753·‚
649 944 769 1044 secuudo
798 949 932 1045 editam,
974 969 1080 1043 porum
1102 951 1186 1045 rebus
1204 952 1234 1015 in
1255 955 1310 1018 hac
1331 950 1486 1049 lieligione
1507 956 1587 1023 varie
1616 961 1762 1043 mutatis,

149 1026 933 1195 rtur„:32¹¹lzrdllfzrl‘llrlrm‘lllil:
974 1028 1763 1194 Stultitia„rlfflllssalzlllmariell:

150 1206 190 1251 na
210 1186 268 1250 fuse
287 1189 394 1255 disserit
414 1190 548 1258 Aulius.
974 1191 1004 1253 S.
1027 1190 1186 1255 Salvatoris
1205 1194 1359 1270 Memno,
1382 1193 1411 1258 in
1435 1215 1470 1256 eo
1479 1214 1590 1260 creetur
1600 1201 1760 1267 Commen-

974 1271 1100 1337 deterius
1120 1272 1362 1340 Archimandrita
1383 1265 1519 1338 Praelatus
1540 1275 1679 1342 secularis
1695 1302 1763 1347 cunr

568 1355 935 1381 ..ι-Μ

852 1379 855 1385 ·
972 1351 1109 1418 omnibus
1138 1351 1194 1417 fere
1222 1353 1429 1438 proventibus,
1465 1375 1587 1438 excepta
1616 1357 1765 1427 alimonia

223 1457 306 1522 Μ
326 1461 354 1524 ⁰
372 1463 405 1525 rr
425 1463 441 1528 ¹
463 1461 505 1523 M
526 1462 557 1524 r
577 1459 609 1530 u
631 1458 709 1524 Μ
731 1463 746 1532 ¹
766 1461 797 1523 ‘¹'
819 1462 870 1524 r.
973 1452 1035 1578 ll}
1049 1433 1283 1586 {Sillani
1301 1433 1763 1604 llsslllillld‘llllu

533 1585 538 1594 .
1021 1594 1028 1608 ,
1104 1571 1109 1581 ·
1257 1598 1265 1611 .
1298 1597 1305 1610 .
1520 1598 1527 1613 ·
1568 1563 1578 1594 s

248 1745 251 1752 q
949 1596 1765 1753 ¹rfiqqmgppbelqlgpqcptutrrp'lpparssqqrorppqqpqpp‘mffig:
1873 1687 1876 1700 '

118 1783 130 1827 r
225 1758 448 1823 Rehimandrita
466 1760 503 1825 lic
531 1758 692 1845 apellatur
720 1779 762 1823 ex
787 1756 937 1823 vocabulis
977 1755 1135 1840 pitularem
1155 1756 1342 1822 Monachum
1363 1756 1637 1836 ejusdeminllituti,
1660 1784 1766 1827 vecan.

244 1839 377 1918 Graecis,
399 1840 525 1918 Archot,
596 1841 740 1918 Μαηόνα,
761 1859 826 1920 quae
847 1837 937 1905 latine
977 1853 1009 1900 te
1029 1835 1100 1902 Sede
1120 1836 1401 1912 Architnandritali,
1423 1837 1550 1920 eligant,
1574 1839 1686 1922 hocque
1705 1843 1765 1927 pri.

152 1918 229 1983 idem
251 1919 372 1998 sonant,
393 1939 427 1984 ac
448 1926 555 1999 Paret,
584 1922 616 1985 dr
636 1922 772 1985 Prelarur
802 1917 936 1983 omniurn
977 1914 1119 1996 vilegium
1140 1915 1212 1979 alias
1233 1937 1284 2001 per
1305 1916 1480 1994 Pontifices,
1511 1920 1542 1986 δι
1570 1918 1663 2002 Reges
1697 1944 1767 1988 corr·

114 1999 324 2077 eAbbatum,
344 2001 397 2097 qni
417 2000 467 2066 sub
488 2024 523 2067 eo
545 2002 690 2067 exiliuit.
707 2001 797 2068 xUnde
818 1999 847 2062 in
869 2018 936 2083 pro
977 1993 1177 2061 revomuere
1199 2015 1253 2079 pro
1283 1994 1397 2079 antiqui
1430 1997 1540 2062 decoris
1571 2019 1766 2070 monumento

150 2081 216 2166 pria
237 2080 279 2144 sui
299 2081 507 2162 significatione
527 2081 604 2146 idem
624 2083 663 2147 eli
692 2102 725 2144 ac
757 2078 858 2143 Abbss
876 2080 937 2143 Ge·
977 2074 1085 2138 babent
1105 2074 1194 2138 etiam
1218 2098 1253 2140 ex
1274 2075 1466 2141 declaratione
1495 2078 1558 2141 Sac.
1589 2080 1699 2164 Congr.
1732 2101 1767 2149 tst

149 2161 273 2240 ueralis,
296 2161 344 2227 seu
373 2160 523 2247 supremus
551 2163 676 2227 aliorum
705 2160 872 2233 Ordinem,
899 2159 953 2222 dr·
973 2156 1092 2250 testatur
1120 2156 1256 2220 Rocclrus
1286 2158 1392 2240 Pyrrus
1421 2157 1545 2232 ejusdem
1580 2161 1700 2229 Ordinis
1729 2170 1788 2230 ris·

148 2243 218 2306 licet
237 2243 271 2307 in
292 2242 404 2307 Ordine
437 2244 510 2309 Divi
540 2242 635 2307 Basilii
664 2241 740 2308 varii
769 2240 934 2324 Superiores
973 2254 1040 2304 ναι
1059 2242 1089 2300 S.
1108 2236 1209 2332 liqsslii
1222 2237 1277 2313 fol.
1302 2240 1371 2320 378.

149 2320 255 2386 bcaler
296 2324 494 2389 articularinrn
516 2324 760 2388 Monelleriorum
792 2335 935 2386 vocantur
1012 2314 1175 2390 Jurisdrero
1200 2317 1207 2332 ‘
1230 2318 1308 2394 itur,
1329 2318 1361 2382 δι
1381 2321 1598 2402 praeminentia
1618 2327 1648 2388 in
1669 2326 1752 2404 loca,
1782 2331 1802 2393 8

146 2404 243 2465 etiam
264 2343 530 2479 inlinendum,
553 2405 635 2468 ficuti
664 2403 828 2487 Superiores
858 2400 933 2464 lora·
974 2397 1006 2462 δι
1027 2395 1153 2463 subditos
1172 2340 1241 2459 didi
1265 2398 1551 2493 archimandritarum
1582 2406 1679 2469 resrdet

145 2477 190 2544 irs
214 2482 358 2544 variarum
379 2482 595 2563 Religiosorum
617 2481 863 2548 vocantureriam
874 2480 937 2546 su
977 2499 1029 2544 nes
1049 2478 1358 2557 Commendatarrum,
1380 2503 1415 2548 ex
1437 2484 1521 2547 Brevi
1543 2485 1654 2547 Urbani
1664 2487 1711 2550 Vl
1733 2489 1759 2552 Ι.

146 2561 246 2637 hstes,
278 2580 346 2626 cum
378 2562 637 2638 Archimandrita,
669 2563 701 2626 dr
730 2562 831 2626 Abbas
860 2561 937 2625 idem
971 2557 1028 2638 sub
1047 2558 1095 2623 die
1116 2580 1163 2638 ²3·
1184 2558 1318 2622 februar.
1345 2565 1431 2643 1⁶³5·
1454 2563 1484 2625 in
1503 2584 1563 2645 quo
1584 2565 1762 2633 declaratum

147 2642 221 2716 tint,
244 2656 277 2703 ut
298 2639 419 2724 exponit
439 2641 540 2706 Glossa
560 2643 592 2703 in
620 2640 805 2720 Eprstdnree
828 2642 934 2720 Clara,
976 2638 1051 2712 fuit,
1074 2639 1345 2704 Archimandritam
1366 2642 1661 2708 commendantium
1672 2648 1759 2713 habe·

147 2724 178 2799 §.
199 2720 379 2801 Manifestum
398 2724 503 2805 igitur,
535 2724 566 2783 in
586 2720 666 2784 verb.
685 2719 934 2796 Archimedem,
978 2737 1008 2780 re
1029 2715 1184 2786 Dioecefim
1206 2719 1376 2802 propriam,
1399 2721 1431 2782 δι
1459 2721 1639 2800 distinctam,
1662 2748 1695 2789 ac
1721 2726 1761 2793 [ρ.

144 2801 217 2866 Ced.
238 2802 273 2862 de
293 2807 409 2865 summa
419 2806 524 2866 Trinie.
540 2800 580 2865 O
593 2803 667 2865 Pide
678 2800 847 2874 Coheliear
870 2800 927 2863 Fa·
969 2814 1141 2880 paratama
1169 2798 1361 2881 quavisalia
1393 2800 1515 2864 Dioecefi
1543 2823 1610 2866 cum
1640 2805 1759 2877 iurisdi-

144 2902 235 2963 gnan.
256 2885 287 2945 in
307 2901 366 2966 cap.
390 2886 428 2945 Ur
448 2881 571 2945 Albam
591 2907 620 2948 η,
632 2886 660 2946 6.
691 2882 726 2945 de
754 2901 858 2955 erate,
889 2879 929 2943 O·
970 2877 1066 2972 diique
1086 2876 1251 2955 ordinaria,
1273 2880 1304 2943 ἃ
1324 2880 1404 2975 quafi
1426 2880 1613 2967 Episcopali‚
1644 2885 1676 2952 δι
1708 2909 1758 2953 co.

110 2987 126 3048 3
145 2963 282 3045 qualitate
295 2962 500 3045 preficiender.
520 2965 637 3031 Tamen
646 2959 888 3027 Archimandrira
900 2960 931 3022 in
971 2977 1104 3040 gnrrrone
1125 2959 1272 3027 causarum
1303 2960 1466 3038 Ctvilium,
1496 2963 1528 3027 δι
1556 2965 1754 3034 criminalium

145 3041 279 3124 rigoroso
300 3043 351 3109 suo
373 3043 534 3125 significatu
553 3044 585 3106 in
607 3042 663 3105 lroc
683 3042 780 3108 differt
810 3042 847 3108 ab
868 3039 930 3103 Ars
971 3038 1120 3123 privative
1144 3061 1205 3123 quo
1235 3041 1540 3126 adArclriepilcopos,
1571 3046 1603 3110 dr
1635 3047 1754 3115 Eisco·

146 3123 236 3199 bate,
278 3125 337 3189 uod
358 3126 477 3202 Abbas,
500 3141 534 3188 ut
564 3123 620 3200 lic,
650 3123 792 3207 importat
822 3120 932 3206 praeslle
972 3139 1055 3204 pos3
1084 3142 1118 3184 ac
1146 3122 1263 3200 nullum
1292 3121 1383 3187 alium
1413 3125 1595 3206 Superiorem
1625 3129 1663 3192 lta
1700 3152 1752 3204 re,

146 3205 233 3269 unico
324 3205 470 3283 nasserio,
503 3203 746 3269 Archimandrita
772 3223 863 3279 vero,
896 3219 930 3266 ut
970 3221 1060 3283 qnam
1080 3202 1180 3268 Sedetu
1201 3203 1420 3289 Apostolicant:
1444 3226 1495 3268 nec
1527 3226 1587 3269 non
1619 3230 1686 3271 cum
1716 3210 1756 3276 fa·

146 3285 210 3360 fic,
241 3283 385 3370 importat
424 3284 533 3370 preell'e
567 3282 697 3362 plurilms
726 3281 930 3350 Monalleriis.
971 3281 1082 3348 cultatr
1101 3283 1246 3350 Beneficia
1265 3284 1451 3358 conserendi,
1474 3286 1658 3354 Pontificalia
1688 3311 1758 3355 cuna

110 3365 252 3445 4Abbas
272 3367 350 3430 euim
371 3366 411 3429 est
432 3365 526 3430 solum
557 3364 663 3438 Patera
693 3363 933 3431 Archisuaudrita
971 3363 1070 3430 Mitra
1088 3386 1256 3447 gemmata,
1281 3367 1388 3431 Baculo
1409 3366 1565 3444 Pallorali,
1588 3367 1681 3434 Cruce
1704 3372 1758 3434 Pe·

146 3466 217 3511 vero
238 3447 276 3510 est
296 3446 431 3529 primus,
453 3446 484 3508 ἂ
515 3443 650 3528 Princeps
685 3447 825 3524 Parrum,
857 3444 934 3528 apud
974 3443 1094 3519 meari,
1115 3468 1150 3510 ac
1182 3447 1359 3511 Baldacltino
1388 3446 1554 3522 exercendi,
1586 3449 1759 3515 benedictio
1815 3468 1818 3471 ’

147 3527 299 3592 Rocchum
320 3527 442 3607 Pyrrum
464 3530 494 3589 r'n
513 3524 614 3604 Hallm
636 3529 715 3590 Sicil.
745 3532 808 3592 Sar.
837 3525 933 3604 lime.
974 3547 1041 3590 nem
1064 3524 1253 3605 solemniter,
1284 3527 1331 3592 vel
1363 3527 1478 3609 private
1512 3529 1620 3609 populo
1650 3531 1760 3614 imper·

146 3612 250 3671 neritia
269 3607 547 3671 Archimandrirarus
566 3606 720 3687 Μαι.
863 3627 868 3628 ’
974 3606 1086 3681 tiendi‚
1107 3631 1159 3689 per
1190 3610 1252 3672 vias
1283 3609 1409 3671 Crucem
1439 3628 1603 3684 argenteam
1634 3629 1701 3676 ante
1733 3609 1762 3675 se

115 3708 129 3770 5
193 3689 262 3756 Hoc
291 3688 537 3753 Archimandrita·
564 3708 670 3756 nomen
686 3692 813 3754 maxime
824 3687 854 3750 in
886 3685 937 3752 usu
974 3708 1027 3772 per
1046 3688 1259 3772 cappellanum
1279 3687 1381 3751 deferri
1395 3687 1544 3761 faciendi,
1577 3689 1760 3773 habendique

145 3767 203 3832 fuit
223 3770 298 3852 apud
319 3772 436 3834 Grecos
456 3771 486 3833 in
506 3768 647 3846 Oriente,
669 3770 701 3834 δι
717 3770 928 3837 deeofitmen·
970 3767 1095 3832 ereetum
1123 3769 1267 3833 Tribunal
1299 3769 1328 3832 in
1360 3769 1506 3836 Civitate¹
1523 3768 1687 3842 Meriana,
1723 3791 1757 3833 ac

146 3848 193 3913 tio
214 3870 265 3931 per
284 3851 474 3921 Justinianrrtrr
496 3851 526 3913 in
547 3852 568 3914 l.
590 3850 764 3929 medentes,
798 3853 930 3929 §.omnes
969 3849 1029 3924 ibi,
1051 3850 1083 3912 ἃ
1105 3848 1134 3911 in
1154 3853 1259 3930 quavis
1279 3850 1338 3923 ejus
1409 3865 1451 3912 rte
1480 3847 1635 3916 deaurandi
1666 3849 1756 3913 Vica-

143 3951 229 4002 νοω,
252 3932 323 3993 cod.
344 3932 379 3994 de
397 3937 506 3995 summ.
529 3935 636 3996 Trinir.
660 3932 721 3997 ibi:
743 3939 847 3996 Omnes
864 3954 930 3993 vero
969 3929 1047 3993 rium
1061 3929 1255 4004 Generalem,
1280 3929 1347 3993 Atre
1389 3949 1470 4003 rem,
1493 3929 1700 4005 Advocatum,
1725 3932 1758 3994 dr

144 4009 302 4074 Sacerdotes
319 4012 443 4087 rasere,
465 4011 641 4089 catholice,
664 4031 745 4095 arque
773 4013 929 4094 Apollolicae
969 4011 1190 4077 Procuratorem
1223 4009 1388 4084 Filcalem,
1423 4008 1637 4079 Familiamoue
1667 4013 1759 4074 neces·

144 4091 287 4167 loclesse,
309 4091 349 4155 (J
369 4095 596 4173 Reverendiffsmr'
614 4093 924 4157 archimandritarum
967 4088 1071 4155 sariam
1093 4112 1146 4175 pro
1166 4092 1281 4165 lullitia
1300 4088 1547 4163 administranda,
1578 4092 1610 4154 δι
1640 4091 1758 4162 Joritdi-

146 4172 248 4238 aarum
268 4173 511 4251 Wandalorum,
531 4176 572 4237 Et
593 4173 623 4235 in
654 4178 779 4238 Concilio
805 4175 927 4252 generali
967 4171 1096 4236 ilionem
1116 4173 1263 4238 exercendi
1287 4171 1316 4234 in
1338 4170 1402 4236 suos
1436 4168 1581 4245 subditos,
1613 4170 1757 4236 deferendi

144 4251 276 4335 Ephefino
292 4272 371 4336 part.
386 4280 411 4321 1.
432 4282 460 4318 n.
473 4277 501 4336 3.
524 4276 576 4318 nec
598 4275 658 4317 non
678 4260 710 4319 in
730 4255 926 4320 coneiliocrrl
967 4253 1103 4319 habitum
1124 4252 1249 4318 violacei
1270 4252 1377 4317 coloris
1398 4251 1524 4334 ubique,
1546 4271 1614 4314 cum
1628 4252 1754 4315 Rochet·

147 4334 281 4413 redonenss
296 4353 351 4396 art.
367 4358 392 4400 ι.
415 4336 526 4417 inquo
547 4331 648 4397 subscri
669 4332 763 4399 serunt
782 4337 883 4418 pollE
905 4336 927 4398 i·
968 4351 1020 4410 to,
1042 4335 1074 4399 δι
1093 4335 1268 4409 Mozzetta,
1283 4403 1285 4408 ,
1299 4332 1415 4414 aliaque
1442 4348 1615 4396 ornamenta
1637 4329 1757 4409 Episco-

109 4412 245 4497 dlcopos
270 4415 439 4496 vigintiduo
476 4415 637 4480 Archiman
673 4415 738 4479 itae.
769 4417 804 4480 ln
839 4420 869 4483 It
900 4417 930 4480 ia
969 4416 1067 4499 palia.
1097 4417 1157 4479 Hic
1188 4413 1475 4478 Archimandritatus
1504 4413 1686 4477 Messanenlis
1716 4411 1799 4494 esto

146 4516 217 4562 vero
236 4498 326 4580 coepit
347 4497 377 4559 in
399 4496 481 4561 usum
502 4496 636 4561 devenire
655 4517 734 4562 anuo
756 4518 928 4579 1094.qoo
968 4497 1003 4560 de
1023 4497 1262 4581 Jurepatronatus
1282 4497 1328 4559 Re
1349 4495 1391 4569 is,
1411 4493 1443 4557 δι
1464 4491 1495 4557 in
1519 4491 1649 4559 maxima
1667 4513 1754 4556 vene-

117 4575 288 4658 ·Rogerius
306 4579 420 4662 primns
445 4576 551 4643 Sicilie
583 4578 646 4645 liert
673 4580 830 4666 quemdam
859 4580 927 4650 Bar·
968 4576 1081 4642 ratior're
1099 4576 1244 4644 liabetur.
1265 4577 1302 4640 ln
1367 4575 1465 4660 ppella
1483 4571 1639 4640 Pontificia
1661 4572 1755 4716 slralset
1779 4595 1820 4641 ro

1639 4674 1722 4719 utun
