4025 5284
57 2 80 250 l
355 177 358 187 “
526 159 1582 265 APPROBATIO,&0.ART.IL
1715 198 1797 280 259

59 263 65 300 ¹
243 275 342 344 sennes
363 279 557 364 approbatos,
590 271 702 336 eosdem
733 273 769 334 ab
790 270 895 333 eisdem
918 270 1034 334 Confes-
1075 274 1126 332 oia
1147 273 1338 352 cujuscumque
1351 272 1468 349 statuti,
1485 273 1536 350 sen
1548 273 1664 352 decreti,
1685 300 1718 344 nr
1730 285 1852 362 praemir.

252 362 381 423 stonibns
398 353 540 419 audiendis
562 352 744 436 suspendere,
773 353 866 415 etiarn
897 352 1035 415 excausa
1074 357 1160 428 titur,
1180 377 1199 413 a
1236 354 1337 414 noeti
1354 351 1513 428 Definitotio
1533 351 1630 430 editi,
1653 359 1692 419 O
1709 381 1761 442 per
1772 385 1850 444 gent·

251 441 383 510 octona,
405 439 435 500 δι
456 434 729 509 extraiudicialiret,
752 451 785 498 nt
805 432 963 497 declaravit
984 434 1032 493 Sa·
1073 434 1198 496 talitali
1225 436 1372 496 iOtdt'uis
1400 435 1532 515 capitula
1560 434 1731 515 approbati,
1766 446 1851 503 etiarn

249 538 296 581 cra
317 521 426 598 Congt.
450 515 585 599 Episcop.
607 517 638 579 dc
660 515 795 593 Regular.
817 519 847 576 in
866 538 920 575 una
941 512 1031 577 Thea:
1071 514 1108 573 ab
1129 514 1280 596 Apojiolica
1299 514 1368 576 Sede
1382 515 1502 597 prefata
1522 513 1676 590 confirmati,
1703 525 1854 583 revocatio-

250 603 365 662 tinorum
389 619 415 659 2.
432 603 510 678 Julii
534 603 620 674 1617.
643 598 717 679 apud
739 594 838 657 Nicol.
851 599 881 656 in
901 593 1034 656 lucubrat.
1074 617 1135 667 ne,
1157 613 1244 658 tenere
1259 598 1432 677 praefi‘ntium
1446 594 1609 672 statuimus,
1630 596 1795 663 decernimus
1815 623 1851 664 a:

248 700 353 742 tamea.
374 678 426 741 lib,
444 703 471 761 ς.
492 680 569 741 titul.
583 679 631 754 38.
661 677 696 737 de
727 680 829 740 Ponit.
861 675 900 737 O
932 674 1033 753 remiff.
1075 678 1255 750 mandamus,
1275 693 1307 736 ut
1327 675 1445 757 quilibet
1463 700 1497 737 ert
1516 675 1660 738 Fratribus
1678 679 1747 740 diiii
1766 682 1851 744 Ordi-

250 786 324 827 Μ,
338 782 388 836 91.
410 764 442 822 in
456 759 544 837 fine,
575 759 606 821 δι
629 757 718 820 'refert
746 757 835 822 etiam
859 755 982 818 Barbosa
1001 759 1031 818 t'n
1070 759 1131 828 nis,
1150 756 1212 831 five
1231 761 1261 819 in
1281 761 1361 820 Sacro
1382 756 1586 837 Presbytettttus
1607 757 1712 822 Ordine
1729 763 1850 840 constitu

254 846 358 907 cwig
375 842 470 921 seg,
494 886 501 903 ,
521 860 610 919 ,c·15·
630 862 706 902 num,
720 858 767 918 50,
1071 855 1132 909 tus,
1156 840 1349 919 cujuscumque
1362 838 1467 916 status,
1485 837 1604 922 gradus,
1626 840 1789 923 dignitatis,
1811 845 1850 906 O*

186 947 224 988 21
289 926 438 1018 Tempore
470 864 581 993 iubilai
612 919 723 1003 possunt
754 939 854 982 omnes
876 917 1030 999 Regulates
1070 916 1255 993 conditionis,
1272 918 1336 993 stne
1355 923 1444 981 laicus
1462 964 1471 994 ,
1488 920 1551 996 sive
1570 929 1711 1001 conversus
1732 923 1848 999 suerit,

249 1004 383 1070 confitere
405 1022 522 1087 peccata
543 1000 590 1064 sua
619 997 818 1084 Sacerdotibus
848 998 885 1062 ab
904 1001 1028 1062 Ordina-
1068 1001 1118 1078 qui
1136 997 1171 1058 de
1191 1002 1360 1081 superiorum
1376 1003 1487 1080 sitorum
1508 1002 1651 1078 licentia,
1685 1028 1852 1087 quacumque

248 1086 296 1150 rio
317 1085 485 1169 approbatis
505 1129 514 1159 ,
536 1100 598 1145 tarn
619 1079 811 1156 sacularibus,
832 1101 921 1162 quam
939 1079 1030 1154 cujus·
1070 1101 1104 1142 etr
1123 1078 1358 1164 legitimncausa,
1380 1080 1480 1156 titulo,
1504 1081 1698 1163 &occaſsum
1714 1086 1852 1172 stvepre·

249 1170 298 1231 vis
318 1166 438 1230 Ordinis
458 1164 648 1244 Regulatibus
671 1205 678 1223 .
710 1163 747 1224 In
769 1161 851 1225 Bulla
870 1163 948 1225 enim
971 1183 1030 1225 non
1070 1160 1184 1223 dicandi
1200 1158 1315 1222 Verbum
1324 1163 1381 1221 Dei
1398 1182 1707 1246 quocumquetempore,
1726 1167 1791 1242 five
1803 1169 1853 1246 sa:

251 1247 287 1310 fit
308 1246 421 1310 mentio
442 1248 494 1308 nisi
516 1245 550 1308 de
570 1242 729 1308 Ordinatio
749 1263 852 1306 eorum
873 1287 882 1310 ,
912 1243 963 1323 qui
984 1265 1032 1305 au·
1073 1264 1132 1302 ctas
1151 1244 1280 1320 mtffiones
1293 1242 1461 1325 peragendi,
1477 1242 1720 1324 stveitersagendi
1741 1258 1782 1308 (r
1799 1249 1852 1308 ali-

249 1328 334 1391 diunt
355 1326 576 1399 Consesliones,
613 1345 671 1387 non
702 1339 800 1384 autem
822 1326 855 1386 de
876 1324 1032 1386 Ordinatio
1073 1319 1137 1384 cubi
1155 1321 1368 1397 commorandi,
1398 1321 1449 1384 ubi
1477 1324 1568 1387 nulbts
1588 1331 1775 1402 Conventus,
1801 1327 1854 1404 seu

189 1433 231 1474 22
252 1406 485 1474 Prenitentium.
509 1404 672 1487 Erposlunt
685 1399 796 1466 absolui
816 1425 835 1464 a
855 1404 960 1466 casrbus
982 1403 1032 1466 suo
1072 1403 1252 1483 Hospitium,
1274 1403 1418 1484 nullusque
1438 1410 1538 1466 Frater
1553 1404 1626 1468 elisii
1645 1404 1763 1472 Ordinis
1780 1410 1853 1469 Con·

251 1486 397 1572 Superiori
418 1485 555 1566 Regulati
575 1482 745 1547 reservatis.
771 1482 938 1564 Alexander
955 1485 1030 1544 Vss.
1066 1484 1195 1564 feffarius
1213 1508 1240 1546 re
1257 1488 1359 1559 eritur,
1381 1483 1481 1560 libere,
1505 1486 1633 1551 &licite
1648 1487 1729 1570 poffit
1747 1511 1783 1549 aa
1800 1513 1851 1550 vu·
1900 1539 1912 1556 a

252 1572 285 1634 itt
304 1566 459 1632 Conllitur.
473 1565 630 1645 incipiente
650 1566 810 1645 Untgenitus
830 1563 905 1646 apud
927 1562 1030 1626 Nicol.
1071 1566 1128 1623 leat
1148 1502 1294 1648 quemibet
1313 1565 1504 1644 Presbyterum
1517 1568 1698 1647 secularem,
1720 1567 1854 1631 ebOrcli-

248 1657 280 1716 in
308 1647 468 1728 Flosculis,
498 1644 576 1706 verb.
591 1644 743 1724 Jubilaeum
773 1667 848 1704 num.
863 1649 891 1705 6.
924 1644 964 1707 Et
995 1644 1030 1706 src
1071 1649 1149 1708 uario
1169 1648 1223 1709 loci
1235 1690 1245 1720 ,
1267 1646 1316 1707 vel
1335 1647 1497 1729 Regularem
1518 1671 1536 1708 a
1539 1650 1591 1728 suo
1604 1652 1743 1730 superiore
1764 1654 1853 1734 Regu·

249 1749 335 1796 antea
355 1726 503 1794 declarasse
523 1725 698 1807 Gregoriurn
718 1725 808 1788 XIII·
820 1726 937 1788 restatur
959 1726 1032 1806 Pey·
1072 1727 1127 1787 lari
1145 1730 1186 1788 ad
1206 1729 1421 1789 sacramentales
1439 1729 1601 1807 consefflnnes
1620 1733 1679 1792 tuci
1696 1727 1791 1793 iendet
1806 1749 1855 1813 ap·

247 1816 307 1876 rio.
326 1811 360 1894 df
376 1811 511 1893 privileg.
535 1807 633 1891 Regul.
656 1824 722 1867 tom.
740 1830 769 1887 3.
787 1828 811 1865 c.
820 1826 851 1880 4.
873 1830 902 1867 n.
919 1826 946 1884 3.
965 1825 1005 1887 pa
1026 1850 1033 1865 .
1069 1805 1218 1887 probatum
1235 1809 1333 1883 adite,
1356 1746 1752 1891 eiquepeccatasmtmllbmi,
1773 1829 1856 1893 atque

257 1915 345 1975 13²4·
368 1913 416 1954 ac.
433 1892 542 1970 Murga
562 1894 592 1951 in
621 1910 657 1950 tr.
678 1887 715 1948 tle
743 1882 861 1961 Benefic.
883 1885 963 1949 Eccle
976 1830 1033 1963 aab
1074 1885 1112 1946 ab
1141 1888 1200 1967 ipso
1227 1885 1346 1950 obstitere
1374 1892 1603 1952 sacramentalem
1630 1890 1856 1970 absolutionem,

251 2002 279 2059 q·
292 1997 319 2036 2·
343 1999 371 2038 n·
388 1993 454 2035 121·
475 1990 540 2055 pag,
551 1991 602 2048 44,
1073 1969 1158 2029 etiam
1177 1966 1268 2047 quod
1286 1971 1365 2046 casus
1378 1986 1430 2049 per
1449 1971 1672 2049 Constitutiones,
1696 1972 1735 2034 O
1748 1973 1859 2050 flatura

191 2081 227 2144 2³
248 2053 478 2203 sutem
495 2046 1034 2195 nutriturmr
1068 2046 1859 2212 scritumursmariretrusa

251 2237 370 2283 rantum
383 2213 443 2284 xsuo
463 2233 481 2275 a
503 2155 649 2295 ptofflto,
671 2211 751 2273 sicuti
773 2209 886 2291 possunt
906 2209 956 2272 aii
977 2211 1032 2272 Re-
1067 2211 1187 2292 llitaque
1207 2208 1368 2293 obligatione
1382 2212 1419 2289 se
1430 2211 1543 2290 statim,
1565 2150 1656 2295 qboad
1672 2216 1726 2298 ipsi
1739 2155 1855 2297 ,obsistis-

254 2300 386 2382 gulares.
408 2295 453 2360 Sic
519 2293 591 2355 tbos.
606 2297 636 2354 in
654 2294 761 2355 concil.
774 2291 901 2360 Trident.
909 2290 1032 2370 seffiae.
1067 2296 1135 2374 sum
1149 2293 1254 2370 fuerit,
1276 2315 1364 2354 cnam
1379 2293 1572 2379 fioRegulaet‘
1586 2301 1724 2378 superiore
1739 2299 1857 2377 presen-

249 2400 377 2462 esep..15·.
399 2402 428 2438 rt.
444 2396 489 2437 ιο.
512 2373 663 2438 Novarius
682 2377 711 2433 in
741 2372 821 2433 trabit
841 2371 876 2432 de
896 2371 972 2433 etesi.
995 2370 1034 2434 Θ
1074 2373 1183 2448 tandi,
1213 2397 1247 2435 at
1265 2374 1300 2435 de
1319 2397 1389 2436 novo
1402 2375 1485 2457 super
1504 2373 1635 2450 neſsbus,
1671 2377 1709 2439 (θ’
1739 2380 1857 2457 ceresaria

245 2466 358 2522 varias,
383 2459 443 2534 fini
469 2479 499 2532 q.
511 2458 561 2532 69.
590 2477 666 2514 num.
683 2474 730 2532 23.
753 2451 824 2529 feci.
837 2473 863 2511 2.
899 2452 1035 2533 Aloystus
1074 2455 1234 2539 hujusmodi
1251 2455 1430 2536 abfitluriuaes
1449 2455 1640 2539 impetrandi.

247 2538 334 2602 Ricc⁴
357 2541 387 2598 iu
411 2538 498 2616 pratri
521 2549 638 2613 persta.
658 2532 735 2610 aelel.
755 2552 823 2612 171.
858 2555 934 2597 num.
953 2551 981 2595 2.
1004 2533 1038 2596 &
1234 2565 1237 2572 >

191 2685 201 2700 ,
251 2618 303 2681 affl
326 2615 447 2701 pamm,
687 2644 690 2652 ,
743 2663 745 2665 .
1238 2618 1403 2682 Additiones
1422 2638 1458 2682 ere
1475 2622 1567 2685 alima
1593 2643 1697 2686 manus
1736 2645 1739 2650 ·

462 2780 651 2863 Supplementa
669 2777 817 2841 desieris.
1114 2775 1342 2842 Scribir'Auiior
1360 2805 1388 2843 n.
1407 2802 1454 2842 10.
1477 2780 1516 2844 O
1532 2784 1611 2862 seqq.
1631 2780 1787 2861 Regulates
1807 2780 1858 2844 iri·

1074 2878 1206 2925 nerantes
1228 2905 1238 2934 ,
1260 2859 1306 2924 seu
1327 2879 1462 2944 tempore
1478 2863 1683 2936 concionum,
1715 2860 1762 2925 vel
1786 2863 1856 2925 alte-

191 2971 234 3027 24
292 2943 379 3007 Circa
398 2940 507 3004 tradita
526 2939 557 3002 in
578 2941 633 3002 hoc
652 2960 708 3003 att.
729 2964 748 3001 a
777 2963 852 3003 ntem,
870 2963 898 3018 9.
921 2940 961 3000 ad
985 2960 1032 3002 rr.
1075 2943 1133 3006 tius
1163 2941 1317 3004 occasionis
1351 2961 1431 3005 extra
1460 2944 1649 3008 Contentum
1678 2941 1857 3016 exilientes,

254 3023 429 3090 observanda
448 3023 487 3085 est
508 3020 663 3085 novisima
689 3020 868 3085 Constitutio
889 3020 1033 3084 benedieti
1074 3046 1126 3086 nec
1148 3023 1263 3106 copiam
1285 3021 1451 3086 Confessatii
1472 3023 1624 3106 approbari
1646 3023 1767 3118 proptia
1801 3024 1857 3085 Re·

252 3109 337 3171 xlv,
360 3104 417 3166 inci
442 3148 450 3164 .
473 3102 559 3183 Quod
578 3108 744 3176 communi,
776 3102 807 3162 in
837 3121 894 3181 qua
915 3119 1034 3166 revocat
1076 3103 1196 3187 ligionis
1223 3103 1388 3178 habentes,
1420 3104 1496 3184 posse
1525 3102 1658 3166 confitere
1687 3104 1861 3186 cuicumque

308 3186 394 3249 uliate
412 3124 549 3246 siarurum
563 3184 683 3260 Ordinis
702 3181 953 3263 Capuccioorum,
975 3203 1034 3264 quo
1074 3184 1198 3268 simplici
1220 3183 1388 3259 Sacerdoti,
1409 3185 1466 3248 stuc
1486 3184 1649 3257 Sacrtlari,
1682 3183 1740 3245 stre
1762 3184 1855 3262 Regu·
1937 3215 1940 3220 ·

254 3269 317 3352 tpfis
336 3265 463 3332 vetitum
486 3282 565 3339 erar,
587 3286 623 3325 ne
643 3262 825 3326 Confessatiis
855 3280 935 3326 extra
968 3283 1033 3345 pro·
1075 3267 1129 3329 lati
1150 3312 1158 3341 ‚
1182 3265 1249 3328 licet
1269 3288 1289 3328 a
1311 3265 1391 3328 nullo
1411 3265 1569 3329 Ordinatio
1591 3263 1775 3346 approbato.
1806 3261 1861 3325 Sed
1880 3280 1917 3341 25

250 3350 348 3433 prium
357 3345 498 3408 Ordinem
521 3365 647 3424 unquam
658 3343 789 3407 confiteri
813 3343 940 3426 possent.
962 3345 1034 3406 Ere·
1076 3368 1134 3410 non
1155 3346 1282 3410 obslaote
1304 3346 1636 3418 turbaMoralistarum,
1659 3344 1710 3422 qui
1731 3362 1784 3424 pro
1804 3342 1858 3405 hac

251 3429 315 3491 nim
337 3423 735 3506 observato,qnodrstmilia
754 3427 858 3489 [latura
879 3423 972 3489 secum
993 3423 1034 3486 as·
1076 3427 1247 3502 sententia,
1279 3444 1430 3507 raroquam
1461 3445 1513 3509 pto
1543 3426 1628 3498 atis,
1662 3425 1693 3486 δι
1714 3422 1785 3485 socio
1806 3443 1856 3504 pu·
1952 3455 1955 3458 ·

252 3510 325 3574 serre
346 3506 437 3571 soleor
458 3506 647 3569 incommoda
665 3551 674 3582 ,
691 3524 879 3589 propterque
913 3511 926 3588 (
950 3504 1035 3570 refert
1075 3526 1166 3592 gnane
1186 3553 1196 3584 ,
1218 3529 1283 3572 earn
1304 3507 1391 3571 solide
1411 3506 1542 3570 confutat
1564 3506 1726 3568 Clericarus
1744 3503 1779 3563 de
1808 3508 1860 3564 sae

252 3591 321 3666 ibi)
341 3614 393 3651 non
424 3612 466 3651 tue
486 3589 711 3666 autconseieutiae
722 3612 838 3671 angore,
859 3608 908 3649 auc
925 3588 1034 3671 populo·
1075 3614 1160 3654 mant.
1181 3591 1259 3653 Pacu.
1281 3588 1341 3678 dec.
1354 3607 1404 3671 39·
1420 3603 1471 3670 per
1490 3604 1540 3648 tot.
1562 3586 1739 3661 Quinimmo
1775 3582 1853 3645 idern
1876 3587 1916 3646 ab

250 3696 313 3736 sunt
342 3668 480 3748 offlufinne
505 3671 656 3753 adimpleri
679 3670 782 3750 pnffe,
812 3671 884 3731 alias
910 3669 1035 3734 nonnulli
1076 3669 1189 3736 Aublot
1210 3693 1284 3732 uum.
1300 3692 1345 3750 ¹3·
1369 3669 1442 3730 hanc
1463 3666 1554 3749 ipsam
1570 3664 1784 3728 inhabilitatem
1807 3663 1857 3724 eli-

251 3759 384 3815 fratrunt
399 3754 549 3832 presertim
565 3755 706 3814 ordinum
720 3751 947 3827 Praedicutorurn,
973 3754 1032 3814 Mi·
1075 3749 1159 3836 gandi
1190 3748 1219 3810 in
1255 3748 1462 3815 Qnseffatiutn
1493 3746 1674 3810 Sacerdotem
1705 3763 1858 3808 anemrne

250 3856 347 3896 notum
368 3836 397 3894 s·
420 3836 560 3911 Francisci
581 3878 591 3905 ,
611 3833 780 3913 aliorumque
799 3836 949 3914 superiores
963 3835 1035 3912 serio
1076 3829 1269 3918 approbatum
1290 3831 1325 3894 ad
1356 3827 1431 3913 ipsos
1459 3828 1595 3892 Praelatos
1623 3824 1780 3907 Regulares
1809 3847 1859 3889 ex·

251 3918 419 3996 cogitantes,
436 3911 683 3994 superhup'usmodi
696 3913 958 3990 statutisOttlinum
971 3915 1034 3993 suo-
1076 3913 1189 3980 tendit.
1697 3933 1700 3940 ’

250 4019 314 4058 rum
334 3995 559 4074 tlt'fpenfittionem
579 3991 719 4056 abeadem
735 3995 961 4077 fideAposlolica
975 3994 1035 4070 sebi

157 4149 160 4156 Ι
249 4075 463 4220 immie'ssd‘m
482 4092 636 4168 currerunt.
660 4076 701 4219 {t
723 4075 814 4139 relato
834 4075 935 4168 deinde
956 4074 1035 4218 (gisilo
1286 4073 1427 4161 Responsio
1441 4094 1492 4160 pro
1509 4069 1647 4137 murres

274 4173 359 4219 eruto
409 4176 426 4216 a
465 4175 614 4219 carnorum
737 4177 777 4219 ua
796 4178 832 4218 ex
853 4177 912 4220 eus
941 4176 959 4219 o
992 4177 1035 4219 cr·
1479 4183 1483 4190 ·

253 4235 355 4302 varitia
375 4175 562 4312 oriib'inrur,
584 4237 615 4298 br
633 4200 702 4298 ium
714 4177 962 4301 qconscientiarum
983 4257 1034 4298 an·
1116 4239 1318 4323 Argumenta,
1339 4240 1443 4321 quibus
1463 4238 1543 4303 suam
1564 4249 1661 4301 tuetur
1683 4231 1859 4297 sententiam

251 4317 366 4401 gotibus
387 4334 522 4399 poterant
544 4317 615 4380 oriri
638 4318 738 4395 mala,
758 4318 794 4380 fic
814 4317 928 4400 pergit:
950 4317 1037 4396 siste
1076 4319 1236 4384 clericatus
1257 4323 1307 4384 loc.
1330 4325 1378 4382 ct'r.
1399 4319 1463 4383 sunt
1475 4343 1486 4394 3
1511 4345 1539 4384 1.
1562 4316 1730 4381 annositas
1752 4311 1856 4376 Glossa
1880 4331 1921 4392 27

253 4400 337 4459 malis
358 4414 536 4479 opportunum
557 4398 713 4481 Apostolicte
735 4399 917 4481 providentie
946 4399 1034 4477 nostre
1074 4404 1104 4463 in
1123 4422 1184 4484 cap.
1209 4406 1328 4475 Omnis,
1350 4428 1382 4463 rt.
1404 4401 1492 4464 alieno
1512 4399 1673 4472 Sacerdoti,
1696 4399 1732 4458 de
1752 4397 1860 4458 Ponit..

252 4478 402 4540 temedium
422 4479 520 4555 affeme
538 4484 691 4562 cupientes,
713 4503 790 4542 motu
800 4485 928 4564 proptio,
952 4482 1035 4544 &est
1076 4481 1116 4544 O
1136 4485 1253 4564 Remiff.
1276 4503 1328 4545 neo
1350 4504 1407 4544 oon
1436 4487 1469 4544 in
1498 4481 1589 4542 Clem.
1602 4481 1626 4543 Ι.
1644 4503 1680 4539 «ν.
1704 4476 1855 4556 speciali,

252 4579 326 4632 serra
339 4561 486 4638 scientia,
509 4583 544 4622 ac
563 4584 674 4623 matura
693 4560 889 4625 deliberatione
915 4561 1031 4640 nolitis,
1074 4560 1108 4623 de
1129 4566 1235 4627 Privil.
1255 4581 1319 4645 qoae
1340 4562 1492 4644 utrobique
1513 4561 1658 4633 advertit,
1689 4556 1731 4618 ab
1747 4578 1782 4621 ee
1801 4555 1866 4637 qui,

250 4640 339 4732 deque
355 4640 509 4727 apostatae
523 4642 851 4728 poenitetntiam
872 4668 883 4728 5
915 4667 949 4710 ac
963 4661 1033 4729 pru·
1074 4643 1163 4713 babet
1184 4667 1202 4709 a
1224 4644 1373 4730 seperiora
1394 4642 1544 4786 surripui
1565 4638 1688 4724 eligendi
1701 4637 1752 4702 sibi
1764 4638 1856 4781 f{sou⁴

1567 4743 1584 4782 2
1802 4752 1814 4764 -
1914 4767 1917 4774 .
